Trade number, Timestamp, price, volume, aggressor side, buyer, seller
46386,2021-01-23 22:24:06,92.6000,10,ask,,
46387,2021-01-23 22:24:09,92.4000,82,bid,,
46388,2021-01-23 22:24:09,92.5000,22,ask,,
46389,2021-01-23 22:24:09,92.5000,40,ask,,
46390,2021-01-23 22:24:09,92.5000,20,ask,,
46391,2021-01-23 22:24:09,92.4000,82,bid,,
46392,2021-01-23 22:24:12,92.3000,20,bid,,
46393,2021-01-23 22:24:12,92.4000,20,ask,,
46394,2021-01-23 22:24:13,92.2000,10,ask,,
46395,2021-01-23 22:24:15,92.1000,30,bid,,
46396,2021-01-23 22:24:15,92.2000,30,ask,,
46397,2021-01-23 22:24:17,92.1000,10,ask,,
46398,2021-01-23 22:24:18,92.1000,1,bid,,
46399,2021-01-23 22:24:18,92.1000,1,bid,,
46400,2021-01-23 22:24:18,92.1000,1,bid,,
46401,2021-01-23 22:24:18,92.1000,1,bid,,
46402,2021-01-23 22:24:18,92.1000,1,bid,,
46403,2021-01-23 22:24:18,92.1000,1,bid,,
46404,2021-01-23 22:24:20,92.0000,10,bid,,
46405,2021-01-23 22:24:20,92.1000,10,ask,,
46406,2021-01-23 22:24:21,92.0000,10,ask,,
46407,2021-01-23 22:24:24,92.0000,10,ask,,
46408,2021-01-23 22:24:33,92.2000,20,ask,,
46409,2021-01-23 22:24:38,92.2000,10,ask,,
46410,2021-01-23 22:24:42,92.0000,10,ask,,
46411,2021-01-23 22:24:46,91.9000,10,ask,,
46412,2021-01-23 22:24:50,92.0000,10,ask,,
46413,2021-01-23 22:24:53,91.8000,1,ask,,
46414,2021-01-23 22:24:53,91.8000,1,ask,,
46415,2021-01-23 22:24:53,91.8000,1,ask,,
46416,2021-01-23 22:24:53,91.8000,1,ask,,
46417,2021-01-23 22:24:53,91.8000,1,ask,,
46418,2021-01-23 22:24:53,91.8000,1,ask,,
46419,2021-01-23 22:24:53,91.8000,1,ask,,
46420,2021-01-23 22:24:53,91.8000,3,ask,,
46421,2021-01-23 22:24:57,91.8000,10,ask,,
46422,2021-01-23 22:25:00,91.8000,10,ask,,
46423,2021-01-23 22:25:04,91.8000,10,ask,,
46424,2021-01-23 22:25:07,91.8000,40,ask,,
46425,2021-01-23 22:25:07,91.3000,22,bid,,
46426,2021-01-23 22:25:07,91.7000,18,bid,,
46427,2021-01-23 22:25:08,91.7000,1,ask,,
46428,2021-01-23 22:25:08,91.7000,1,ask,,
46429,2021-01-23 22:25:08,91.7000,1,ask,,
46430,2021-01-23 22:25:08,91.7000,1,ask,,
46431,2021-01-23 22:25:08,91.7000,1,ask,,
46432,2021-01-23 22:25:08,91.7000,1,ask,,
46433,2021-01-23 22:25:08,91.7000,1,ask,,
46434,2021-01-23 22:25:08,91.7000,1,ask,,
46435,2021-01-23 22:25:08,91.7000,1,ask,,
46436,2021-01-23 22:25:08,91.7000,1,ask,,
46437,2021-01-23 22:25:11,91.7000,1,ask,,
46438,2021-01-23 22:25:11,91.7000,1,ask,,
46439,2021-01-23 22:25:11,91.7000,1,ask,,
46440,2021-01-23 22:25:11,91.7000,1,ask,,
46441,2021-01-23 22:25:11,91.7000,1,ask,,
46442,2021-01-23 22:25:11,91.7000,1,ask,,
46443,2021-01-23 22:25:11,91.7000,1,ask,,
46444,2021-01-23 22:25:11,91.7000,1,ask,,
46445,2021-01-23 22:25:11,91.7000,1,ask,,
46446,2021-01-23 22:25:11,91.7000,1,ask,,
46447,2021-01-23 22:25:13,91.2000,1,ask,,
46448,2021-01-23 22:25:15,91.7000,1,ask,,
46449,2021-01-23 22:25:15,91.7000,1,ask,,
46450,2021-01-23 22:25:15,91.7000,1,ask,,
46451,2021-01-23 22:25:15,91.7000,1,ask,,
46452,2021-01-23 22:25:15,91.7000,1,ask,,
46453,2021-01-23 22:25:15,91.6000,5,ask,,
46454,2021-01-23 22:25:17,91.6000,15,ask,,
46455,2021-01-23 22:25:17,91.5000,15,bid,,
46456,2021-01-23 22:25:19,91.5000,10,ask,,
46457,2021-01-23 22:25:24,91.2000,6,ask,,
46458,2021-01-23 22:25:29,91.3000,6,ask,,
46459,2021-01-23 22:25:37,91.6000,1,bid,,
46460,2021-01-23 22:25:37,91.6000,1,bid,,
46461,2021-01-23 22:25:37,91.6000,1,bid,,
46462,2021-01-23 22:25:37,91.6000,1,bid,,
46463,2021-01-23 22:25:37,91.6000,1,bid,,
46464,2021-01-23 22:25:37,91.6000,1,bid,,
46465,2021-01-23 22:25:37,91.6000,1,bid,,
46466,2021-01-23 22:25:37,91.6000,1,bid,,
46467,2021-01-23 22:25:37,91.6000,1,bid,,
46468,2021-01-23 22:25:37,91.6000,1,bid,,
46469,2021-01-23 22:25:44,91.7000,22,bid,,
46470,2021-01-23 22:25:44,91.7000,17,ask,,
46471,2021-01-23 22:25:44,91.7000,1,bid,,
46472,2021-01-23 22:25:44,91.7000,1,bid,,
46473,2021-01-23 22:25:44,91.7000,1,bid,,
46474,2021-01-23 22:25:44,91.7000,1,bid,,
46475,2021-01-23 22:25:44,91.7000,1,bid,,
46476,2021-01-23 22:25:44,91.7000,1,bid,,
46477,2021-01-23 22:25:44,91.7000,1,bid,,
46478,2021-01-23 22:25:44,91.7000,1,bid,,
46479,2021-01-23 22:25:44,91.7000,1,bid,,
46480,2021-01-23 22:25:44,91.7000,1,bid,,
46481,2021-01-23 22:25:44,91.7000,1,bid,,
46482,2021-01-23 22:25:44,91.7000,1,bid,,
46483,2021-01-23 22:25:44,91.7000,1,bid,,
46484,2021-01-23 22:25:44,91.7000,1,bid,,
46485,2021-01-23 22:25:44,91.7000,1,bid,,
46486,2021-01-23 22:25:44,91.7000,1,bid,,
46487,2021-01-23 22:25:44,91.7000,1,bid,,
46488,2021-01-23 22:25:44,91.7000,22,ask,,
46489,2021-01-23 22:25:45,91.8000,22,bid,,
46490,2021-01-23 22:25:45,91.9000,23,ask,,
46491,2021-01-23 22:25:45,91.8000,1,bid,,
46492,2021-01-23 22:25:45,91.8000,1,bid,,
46493,2021-01-23 22:25:45,91.8000,1,bid,,
46494,2021-01-23 22:25:45,91.8000,20,bid,,
46495,2021-01-23 22:25:45,91.9000,22,ask,,
46496,2021-01-23 22:25:45,91.9000,23,ask,,
46497,2021-01-23 22:25:45,91.9000,110,ask,,
46498,2021-01-23 22:25:45,91.9000,1,bid,,
46499,2021-01-23 22:25:45,91.9000,132,bid,,
46500,2021-01-23 22:25:46,92.1000,1,bid,,
46501,2021-01-23 22:25:46,92.1000,1,bid,,
46502,2021-01-23 22:25:46,92.1000,1,bid,,
46503,2021-01-23 22:25:46,92.1000,1,bid,,
46504,2021-01-23 22:25:46,92.1000,1,bid,,
46505,2021-01-23 22:25:46,92.1000,1,bid,,
46506,2021-01-23 22:25:46,92.1000,1,bid,,
46507,2021-01-23 22:25:46,92.1000,1,bid,,
46508,2021-01-23 22:25:46,92.1000,1,bid,,
46509,2021-01-23 22:25:46,92.1000,1,bid,,
46510,2021-01-23 22:25:46,92.1000,1,bid,,
46511,2021-01-23 22:25:46,92.1000,1,bid,,
46512,2021-01-23 22:25:46,92.1000,1,bid,,
46513,2021-01-23 22:25:46,92.1000,1,bid,,
46514,2021-01-23 22:25:46,92.1000,1,bid,,
46515,2021-01-23 22:25:46,92.1000,1,bid,,
46516,2021-01-23 22:25:46,92.1000,1,bid,,
46517,2021-01-23 22:25:46,92.1000,1,bid,,
46518,2021-01-23 22:25:46,92.1000,1,bid,,
46519,2021-01-23 22:25:46,92.1000,1,bid,,
46520,2021-01-23 22:25:46,92.1000,1,bid,,
46521,2021-01-23 22:25:46,92.1000,1,bid,,
46522,2021-01-23 22:25:46,92.1000,1,bid,,
46523,2021-01-23 22:25:46,92.1000,1,bid,,
46524,2021-01-23 22:25:46,92.1000,1,bid,,
46525,2021-01-23 22:25:46,92.1000,1,bid,,
46526,2021-01-23 22:25:46,92.1000,1,bid,,
46527,2021-01-23 22:25:46,92.1000,1,bid,,
46528,2021-01-23 22:25:46,92.1000,1,bid,,
46529,2021-01-23 22:25:46,92.1000,1,bid,,
46530,2021-01-23 22:25:46,92.1000,1,bid,,
46531,2021-01-23 22:25:46,92.1000,1,bid,,
46532,2021-01-23 22:25:46,92.2000,1,bid,,
46533,2021-01-23 22:25:47,91.8000,20,ask,,
46534,2021-01-23 22:25:47,91.8000,6,ask,,
46535,2021-01-23 22:25:47,92.2000,1,bid,,
46536,2021-01-23 22:25:48,92.3000,1,bid,,
46537,2021-01-23 22:25:48,92.4000,1,bid,,
46538,2021-01-23 22:25:49,92.1000,96,bid,,
46539,2021-01-23 22:25:51,92.2000,1,bid,,
46540,2021-01-23 22:25:51,92.2000,1,bid,,
46541,2021-01-23 22:25:51,92.2000,1,bid,,
46542,2021-01-23 22:25:51,92.2000,1,bid,,
46543,2021-01-23 22:25:51,92.2000,1,bid,,
46544,2021-01-23 22:25:52,92.0000,22,bid,,
46545,2021-01-23 22:25:52,92.0000,40,bid,,
46546,2021-01-23 22:25:52,92.1000,20,bid,,
46547,2021-01-23 22:25:52,92.2000,62,ask,,
46548,2021-01-23 22:25:52,92.2000,20,ask,,
46549,2021-01-23 22:25:52,92.1000,22,bid,,
46550,2021-01-23 22:25:52,92.2000,22,ask,,
46551,2021-01-23 22:25:53,92.3000,1,bid,,
46552,2021-01-23 22:25:53,92.3000,1,bid,,
46553,2021-01-23 22:25:54,92.3000,40,ask,,
46554,2021-01-23 22:25:54,92.3000,22,ask,,
46555,2021-01-23 22:25:54,92.4000,1,bid,,
46556,2021-01-23 22:25:54,92.4000,1,bid,,
46557,2021-01-23 22:25:54,92.4000,1,bid,,
46558,2021-01-23 22:25:55,92.4000,20,ask,,
46559,2021-01-23 22:25:55,92.4000,6,ask,,
46560,2021-01-23 22:25:55,92.4000,18,ask,,
46561,2021-01-23 22:25:56,92.5000,1,bid,,
46562,2021-01-23 22:25:56,92.5000,1,bid,,
46563,2021-01-23 22:25:56,92.5000,22,ask,,
46564,2021-01-23 22:25:56,92.5000,22,bid,,
46565,2021-01-23 22:25:58,92.6000,10,bid,,
46566,2021-01-23 22:26:01,92.8000,6,ask,,
46567,2021-01-23 22:26:01,92.6000,10,bid,,
46568,2021-01-23 22:26:02,92.9000,1,bid,,
46569,2021-01-23 22:26:02,92.9000,1,bid,,
46570,2021-01-23 22:26:02,92.6000,20,bid,,
46571,2021-01-23 22:26:02,92.6000,22,bid,,
46572,2021-01-23 22:26:02,92.8000,40,bid,,
46573,2021-01-23 22:26:02,93.0000,42,ask,,
46574,2021-01-23 22:26:02,93.0000,40,ask,,
46575,2021-01-23 22:26:03,92.9000,20,bid,,
46576,2021-01-23 22:26:03,93.0000,20,ask,,
46577,2021-01-23 22:26:05,93.1000,1,bid,,
46578,2021-01-23 22:26:05,93.1000,1,bid,,
46579,2021-01-23 22:26:05,93.1000,1,bid,,
46580,2021-01-23 22:26:05,93.1000,1,bid,,
46581,2021-01-23 22:26:05,93.1000,1,bid,,
46582,2021-01-23 22:26:05,93.2000,1,ask,,
46583,2021-01-23 22:26:06,93.2000,5,ask,,
46584,2021-01-23 22:26:07,93.1000,1,ask,,
46585,2021-01-23 22:26:07,93.1000,5,ask,,
46586,2021-01-23 22:26:07,93.1000,14,ask,,
46587,2021-01-23 22:26:07,93.1000,5,ask,,
46588,2021-01-23 22:26:08,93.1000,5,ask,,
46589,2021-01-23 22:26:09,93.1000,4,ask,,
46590,2021-01-23 22:26:19,93.1000,1,ask,,
46591,2021-01-23 22:26:23,93.3000,1,bid,,
46592,2021-01-23 22:26:23,93.3000,1,bid,,
46593,2021-01-23 22:26:23,93.3000,1,bid,,
46594,2021-01-23 22:26:23,93.3000,2,bid,,
46595,2021-01-23 22:26:23,93.3000,2,ask,,
46596,2021-01-23 22:26:23,93.3000,2,bid,,
46597,2021-01-23 22:26:23,93.3000,2,ask,,
46598,2021-01-23 22:26:23,93.3000,2,bid,,
46599,2021-01-23 22:26:23,93.3000,2,ask,,
46600,2021-01-23 22:26:23,93.3000,2,bid,,
46601,2021-01-23 22:26:23,93.3000,2,ask,,
46602,2021-01-23 22:26:23,93.3000,2,bid,,
46603,2021-01-23 22:26:23,93.3000,2,ask,,
46604,2021-01-23 22:26:24,93.3000,2,bid,,
46605,2021-01-23 22:26:24,93.3000,2,ask,,
46606,2021-01-23 22:26:24,93.3000,2,bid,,
46607,2021-01-23 22:26:24,93.3000,2,ask,,
46608,2021-01-23 22:26:24,93.3000,2,bid,,
46609,2021-01-23 22:26:24,93.3000,2,ask,,
46610,2021-01-23 22:26:24,93.3000,2,bid,,
46611,2021-01-23 22:26:24,93.3000,2,ask,,
46612,2021-01-23 22:26:24,93.3000,2,bid,,
46613,2021-01-23 22:26:24,93.3000,2,ask,,
46614,2021-01-23 22:26:24,93.3000,2,bid,,
46615,2021-01-23 22:26:24,93.3000,2,ask,,
46616,2021-01-23 22:26:26,93.3000,18,bid,,
46617,2021-01-23 22:26:26,93.4000,2,bid,,
46618,2021-01-23 22:26:26,93.4000,2,ask,,
46619,2021-01-23 22:26:26,93.4000,18,ask,,
46620,2021-01-23 22:26:26,93.4000,2,bid,,
46621,2021-01-23 22:26:26,93.4000,2,ask,,
46622,2021-01-23 22:26:26,93.4000,2,bid,,
46623,2021-01-23 22:26:26,93.4000,2,ask,,
46624,2021-01-23 22:26:26,93.4000,2,bid,,
46625,2021-01-23 22:26:26,93.4000,2,ask,,
46626,2021-01-23 22:26:26,93.4000,2,bid,,
46627,2021-01-23 22:26:26,93.4000,2,ask,,
46628,2021-01-23 22:26:27,93.4000,2,bid,,
46629,2021-01-23 22:26:27,93.4000,2,ask,,
46630,2021-01-23 22:26:27,93.4000,2,bid,,
46631,2021-01-23 22:26:27,93.4000,2,ask,,
46632,2021-01-23 22:26:27,93.4000,2,bid,,
46633,2021-01-23 22:26:27,93.4000,2,ask,,
46634,2021-01-23 22:26:27,93.4000,2,bid,,
46635,2021-01-23 22:26:27,93.4000,2,ask,,
46636,2021-01-23 22:26:27,93.4000,2,bid,,
46637,2021-01-23 22:26:27,93.4000,2,ask,,
46638,2021-01-23 22:26:29,93.4000,5,ask,,
46639,2021-01-23 22:26:29,93.3000,1,ask,,
46640,2021-01-23 22:26:30,93.5000,2,bid,,
46641,2021-01-23 22:26:30,93.6000,2,ask,,
46642,2021-01-23 22:26:30,93.5000,5,bid,,
46643,2021-01-23 22:26:30,93.6000,5,ask,,
46644,2021-01-23 22:26:31,93.5000,2,bid,,
46645,2021-01-23 22:26:31,93.6000,2,ask,,
46646,2021-01-23 22:26:31,93.5000,5,bid,,
46647,2021-01-23 22:26:31,93.6000,5,ask,,
46648,2021-01-23 22:26:31,93.5000,2,bid,,
46649,2021-01-23 22:26:31,93.6000,2,ask,,
46650,2021-01-23 22:26:31,93.5000,5,bid,,
46651,2021-01-23 22:26:31,93.6000,5,ask,,
46652,2021-01-23 22:26:31,93.5000,2,bid,,
46653,2021-01-23 22:26:31,93.6000,2,ask,,
46654,2021-01-23 22:26:31,93.5000,5,bid,,
46655,2021-01-23 22:26:31,93.6000,5,ask,,
46656,2021-01-23 22:26:31,93.5000,2,bid,,
46657,2021-01-23 22:26:31,93.6000,2,ask,,
46658,2021-01-23 22:26:31,93.5000,4,bid,,
46659,2021-01-23 22:26:31,93.5000,1,bid,,
46660,2021-01-23 22:26:31,93.6000,5,ask,,
46661,2021-01-23 22:26:31,93.5000,10,bid,,
46662,2021-01-23 22:26:31,93.5000,2,bid,,
46663,2021-01-23 22:26:31,93.6000,2,ask,,
46664,2021-01-23 22:26:31,93.5000,5,bid,,
46665,2021-01-23 22:26:31,93.6000,5,ask,,
46666,2021-01-23 22:26:31,93.5000,2,bid,,
46667,2021-01-23 22:26:31,93.6000,2,ask,,
46668,2021-01-23 22:26:32,93.5000,5,bid,,
46669,2021-01-23 22:26:32,93.6000,5,ask,,
46670,2021-01-23 22:26:32,93.5000,2,bid,,
46671,2021-01-23 22:26:32,93.6000,2,ask,,
46672,2021-01-23 22:26:32,93.5000,5,bid,,
46673,2021-01-23 22:26:32,93.6000,5,ask,,
46674,2021-01-23 22:26:32,93.5000,2,bid,,
46675,2021-01-23 22:26:32,93.5000,2,ask,,
46676,2021-01-23 22:26:32,93.5000,2,bid,,
46677,2021-01-23 22:26:32,93.5000,2,ask,,
46678,2021-01-23 22:26:32,93.5000,2,bid,,
46679,2021-01-23 22:26:32,93.5000,2,ask,,
46680,2021-01-23 22:26:32,93.5000,2,bid,,
46681,2021-01-23 22:26:32,93.5000,2,ask,,
46682,2021-01-23 22:26:33,93.5000,6,ask,,
46683,2021-01-23 22:26:36,93.5000,5,ask,,
46684,2021-01-23 22:26:36,93.5000,1,ask,,
46685,2021-01-23 22:26:39,93.5000,5,ask,,
46686,2021-01-23 22:26:39,93.5000,5,bid,,
46687,2021-01-23 22:26:39,93.5000,5,bid,,
46688,2021-01-23 22:26:40,93.5000,5,ask,,
46689,2021-01-23 22:26:40,93.4000,5,ask,,
46690,2021-01-23 22:26:43,93.4000,5,ask,,
46691,2021-01-23 22:26:43,93.1000,1,ask,,
46692,2021-01-23 22:26:44,93.4000,1,ask,,
46693,2021-01-23 22:26:44,93.4000,1,ask,,
46694,2021-01-23 22:26:44,93.4000,5,ask,,
46695,2021-01-23 22:26:44,93.3000,13,ask,,
46696,2021-01-23 22:26:44,93.4000,1,ask,,
46697,2021-01-23 22:26:44,93.4000,5,ask,,
46698,2021-01-23 22:26:45,93.4000,5,ask,,
46699,2021-01-23 22:26:46,93.4000,3,ask,,
46700,2021-01-23 22:26:46,93.4000,2,ask,,
46701,2021-01-23 22:26:46,93.0000,1,ask,,
46702,2021-01-23 22:26:46,93.0000,1,ask,,
46703,2021-01-23 22:26:46,93.0000,1,ask,,
46704,2021-01-23 22:26:46,93.0000,1,ask,,
46705,2021-01-23 22:26:49,93.4000,5,ask,,
46706,2021-01-23 22:26:49,93.1000,1,ask,,
46707,2021-01-23 22:26:52,93.4000,5,ask,,
46708,2021-01-23 22:26:52,93.0000,1,ask,,
46709,2021-01-23 22:27:00,93.4000,5,ask,,
46710,2021-01-23 22:27:03,93.4000,5,ask,,
46711,2021-01-23 22:27:03,93.3000,1,ask,,
46712,2021-01-23 22:27:03,93.3000,1,bid,,
46713,2021-01-23 22:27:03,93.4000,1,ask,,
46714,2021-01-23 22:27:03,93.4000,3,ask,,
46715,2021-01-23 22:27:04,93.3000,5,bid,,
46716,2021-01-23 22:27:04,93.2000,2,ask,,
46717,2021-01-23 22:27:04,93.3000,188,bid,,
46718,2021-01-23 22:27:04,93.3000,188,ask,,
46719,2021-01-23 22:27:04,93.0000,1,ask,,
46720,2021-01-23 22:27:04,93.0000,1,ask,,
46721,2021-01-23 22:27:04,93.0000,1,ask,,
46722,2021-01-23 22:27:04,93.0000,1,ask,,
46723,2021-01-23 22:27:04,93.0000,1,ask,,
46724,2021-01-23 22:27:05,93.4000,1,bid,,
46725,2021-01-23 22:27:05,92.9000,1,ask,,
46726,2021-01-23 22:27:05,92.9000,1,ask,,
46727,2021-01-23 22:27:05,92.9000,1,ask,,
46728,2021-01-23 22:27:05,92.9000,1,ask,,
46729,2021-01-23 22:27:05,92.9000,1,ask,,
46730,2021-01-23 22:27:05,92.9000,1,ask,,
46731,2021-01-23 22:27:05,92.9000,1,ask,,
46732,2021-01-23 22:27:05,92.9000,1,ask,,
46733,2021-01-23 22:27:05,92.9000,1,ask,,
46734,2021-01-23 22:27:05,92.9000,1,ask,,
46735,2021-01-23 22:27:05,92.9000,1,ask,,
46736,2021-01-23 22:27:05,92.9000,1,ask,,
46737,2021-01-23 22:27:05,92.9000,1,ask,,
46738,2021-01-23 22:27:05,92.9000,1,ask,,
46739,2021-01-23 22:27:05,92.9000,1,ask,,
46740,2021-01-23 22:27:05,92.9000,1,ask,,
46741,2021-01-23 22:27:05,92.9000,1,ask,,
46742,2021-01-23 22:27:05,92.9000,1,ask,,
46743,2021-01-23 22:27:05,92.9000,1,ask,,
46744,2021-01-23 22:27:05,92.9000,1,ask,,
46745,2021-01-23 22:27:05,92.9000,1,ask,,
46746,2021-01-23 22:27:05,93.3000,5,ask,,
46747,2021-01-23 22:27:05,93.2000,5,bid,,
46748,2021-01-23 22:27:05,92.8000,1,ask,,
46749,2021-01-23 22:27:06,92.7000,1,ask,,
46750,2021-01-23 22:27:06,93.1000,40,ask,,
46751,2021-01-23 22:27:06,93.1000,20,ask,,
46752,2021-01-23 22:27:06,93.1000,5,ask,,
46753,2021-01-23 22:27:06,93.0000,1,ask,,
46754,2021-01-23 22:27:06,92.9000,5,bid,,
46755,2021-01-23 22:27:06,92.9000,65,bid,,
46756,2021-01-23 22:27:06,92.6000,1,ask,,
46757,2021-01-23 22:27:07,92.2000,160,ask,,
46758,2021-01-23 22:27:08,92.9000,40,ask,,
46759,2021-01-23 22:27:08,92.8000,1,ask,,
46760,2021-01-23 22:27:08,92.8000,1,ask,,
46761,2021-01-23 22:27:08,92.8000,1,ask,,
46762,2021-01-23 22:27:08,92.8000,1,ask,,
46763,2021-01-23 22:27:08,92.8000,1,ask,,
46764,2021-01-23 22:27:08,92.8000,1,ask,,
46765,2021-01-23 22:27:08,92.7000,40,bid,,
46766,2021-01-23 22:27:08,92.7000,6,bid,,
46767,2021-01-23 22:27:08,92.9000,20,ask,,
46768,2021-01-23 22:27:08,92.7000,20,bid,,
46769,2021-01-23 22:27:09,92.6000,1,ask,,
46770,2021-01-23 22:27:09,92.1000,1,ask,,
46771,2021-01-23 22:27:09,92.1000,1,ask,,
46772,2021-01-23 22:27:11,92.7000,1,ask,,
46773,2021-01-23 22:27:11,92.6000,5,ask,,
46774,2021-01-23 22:27:11,92.5000,5,bid,,
46775,2021-01-23 22:27:12,92.7000,40,ask,,
46776,2021-01-23 22:27:12,92.5000,40,bid,,
46777,2021-01-23 22:27:12,92.5000,1,bid,,
46778,2021-01-23 22:27:12,92.6000,1,ask,,
46779,2021-01-23 22:27:12,92.5000,1,bid,,
46780,2021-01-23 22:27:12,92.6000,5,ask,,
46781,2021-01-23 22:27:12,92.5000,1,bid,,
46782,2021-01-23 22:27:13,92.6000,1,ask,,
46783,2021-01-23 22:27:13,92.5000,2,bid,,
46784,2021-01-23 22:27:13,92.6000,1,ask,,
46785,2021-01-23 22:27:13,92.6000,1,bid,,
46786,2021-01-23 22:27:13,92.6000,1,bid,,
46790,2021-01-23 22:27:13,92.6000,1,bid,,
46791,2021-01-23 22:27:13,92.6000,1,bid,,
46792,2021-01-23 22:27:13,92.6000,1,bid,,
46793,2021-01-23 22:27:13,92.6000,1,bid,,
46794,2021-01-23 22:27:14,92.6000,1,bid,,
46795,2021-01-23 22:27:14,92.6000,1,bid,,
46796,2021-01-23 22:27:14,92.6000,1,bid,,
46797,2021-01-23 22:27:14,92.6000,1,bid,,
46798,2021-01-23 22:27:14,92.6000,1,bid,,
46799,2021-01-23 22:27:14,92.6000,1,bid,,
46800,2021-01-23 22:27:14,92.6000,1,bid,,
46801,2021-01-23 22:27:14,92.6000,10,ask,,
46802,2021-01-23 22:27:14,92.6000,1,bid,,
46803,2021-01-23 22:27:14,92.6000,1,bid,,
46804,2021-01-23 22:27:14,92.6000,1,bid,,
46805,2021-01-23 22:27:15,92.6000,1,bid,,
46806,2021-01-23 22:27:16,92.6000,1,bid,,
46807,2021-01-23 22:27:16,92.6000,1,bid,,
46808,2021-01-23 22:27:16,92.6000,1,bid,,
46809,2021-01-23 22:27:16,92.6000,1,bid,,
46810,2021-01-23 22:27:16,92.7000,1,bid,,
46811,2021-01-23 22:27:16,92.7000,1,bid,,
46812,2021-01-23 22:27:40,92.4000,1,ask,,
46813,2021-01-23 22:27:40,92.1000,1,ask,,
46814,2021-01-23 22:27:40,92.8000,1,bid,,
46815,2021-01-23 22:27:41,92.6000,5,ask,,
46816,2021-01-23 22:27:41,92.5000,5,bid,,
46817,2021-01-23 22:27:41,92.5000,5,bid,,
46818,2021-01-23 22:27:41,92.0000,1,ask,,
46819,2021-01-23 22:27:41,92.0000,1,ask,,
46820,2021-01-23 22:27:41,92.0000,1,ask,,
46821,2021-01-23 22:27:41,92.0000,1,ask,,
46822,2021-01-23 22:27:41,92.0000,1,ask,,
46823,2021-01-23 22:27:44,92.5000,1,ask,,
46824,2021-01-23 22:27:44,92.5000,1,ask,,
46825,2021-01-23 22:27:44,92.5000,8,ask,,
46826,2021-01-23 22:27:45,92.6000,1,bid,,
46827,2021-01-23 22:27:45,92.6000,1,bid,,
46828,2021-01-23 22:27:45,92.6000,18,ask,,
46829,2021-01-23 22:27:45,92.5000,5,bid,,
46830,2021-01-23 22:27:46,92.6000,5,bid,,
46831,2021-01-23 22:27:47,92.7000,5,bid,,
46832,2021-01-23 22:27:47,92.7000,3,bid,,
46833,2021-01-23 22:27:51,92.5000,1,ask,,
46834,2021-01-23 22:27:51,92.5000,1,ask,,
46835,2021-01-23 22:27:51,92.5000,1,ask,,
46836,2021-01-23 22:27:51,92.5000,1,ask,,
46837,2021-01-23 22:27:51,92.5000,1,ask,,
46838,2021-01-23 22:27:52,92.4000,5,bid,,
46839,2021-01-23 22:27:52,92.5000,5,ask,,
46840,2021-01-23 22:27:52,92.4000,5,bid,,
46841,2021-01-23 22:27:52,92.5000,5,ask,,
46842,2021-01-23 22:27:52,92.4000,5,bid,,
46843,2021-01-23 22:27:52,92.5000,5,ask,,
46844,2021-01-23 22:27:52,92.4000,5,bid,,
46845,2021-01-23 22:27:52,92.5000,5,ask,,
46846,2021-01-23 22:27:52,92.5000,1,ask,,
46847,2021-01-23 22:27:52,92.5000,1,ask,,
46848,2021-01-23 22:27:52,92.5000,1,ask,,
46849,2021-01-23 22:27:52,92.5000,1,ask,,
46850,2021-01-23 22:27:52,92.4000,9,bid,,
46851,2021-01-23 22:27:54,92.4000,5,ask,,
46852,2021-01-23 22:27:54,92.2000,5,bid,,
46853,2021-01-23 22:27:54,92.4000,5,ask,,
46854,2021-01-23 22:27:54,92.2000,5,bid,,
46855,2021-01-23 22:27:54,92.4000,5,ask,,
46856,2021-01-23 22:27:54,92.2000,5,bid,,
46857,2021-01-23 22:27:54,92.4000,5,ask,,
46858,2021-01-23 22:27:54,92.2000,5,bid,,
46859,2021-01-23 22:27:57,92.3000,5,ask,,
46860,2021-01-23 22:27:57,92.2000,5,bid,,
46861,2021-01-23 22:27:57,92.3000,5,ask,,
46862,2021-01-23 22:27:57,92.2000,5,bid,,
46863,2021-01-23 22:27:57,92.3000,5,ask,,
46864,2021-01-23 22:27:57,92.2000,5,bid,,
46865,2021-01-23 22:27:57,92.3000,5,ask,,
46866,2021-01-23 22:27:57,92.2000,5,bid,,
46867,2021-01-23 22:27:57,92.3000,5,ask,,
46868,2021-01-23 22:27:57,92.2000,5,bid,,
46869,2021-01-23 22:27:57,92.3000,5,ask,,
46870,2021-01-23 22:27:57,92.2000,5,bid,,
46871,2021-01-23 22:27:57,92.3000,5,ask,,
46872,2021-01-23 22:27:57,92.2000,5,bid,,
46873,2021-01-23 22:27:59,92.3000,5,ask,,
46874,2021-01-23 22:27:59,92.1000,5,bid,,
46875,2021-01-23 22:27:59,92.3000,5,ask,,
46876,2021-01-23 22:27:59,92.1000,5,bid,,
46877,2021-01-23 22:27:59,92.3000,5,ask,,
46878,2021-01-23 22:27:59,92.1000,5,bid,,
46879,2021-01-23 22:27:59,92.3000,5,ask,,
46880,2021-01-23 22:27:59,92.1000,5,bid,,
46881,2021-01-23 22:28:00,92.3000,5,ask,,
46882,2021-01-23 22:28:00,92.1000,5,bid,,
46883,2021-01-23 22:28:00,92.2000,1,ask,,
46884,2021-01-23 22:28:00,92.1000,5,bid,,
46885,2021-01-23 22:28:00,91.9000,1,ask,,
46886,2021-01-23 22:28:00,91.9000,1,ask,,
46887,2021-01-23 22:28:00,91.9000,1,ask,,
46888,2021-01-23 22:28:00,91.9000,1,ask,,
46889,2021-01-23 22:28:31,92.2000,10,ask,,
46890,2021-01-23 22:28:33,92.2000,5,ask,,
46891,2021-01-23 22:28:34,92.1000,5,bid,,
46892,2021-01-23 22:28:34,92.2000,5,ask,,
46893,2021-01-23 22:28:34,92.1000,5,bid,,
46894,2021-01-23 22:28:38,91.9000,1,ask,,
46895,2021-01-23 22:28:38,91.9000,1,ask,,
46896,2021-01-23 22:28:38,91.9000,1,ask,,
46897,2021-01-23 22:28:38,91.9000,1,ask,,
46898,2021-01-23 22:28:39,92.1000,5,ask,,
46899,2021-01-23 22:28:39,91.9000,5,bid,,
46900,2021-01-23 22:28:39,92.1000,5,ask,,
46901,2021-01-23 22:28:39,91.9000,5,bid,,
46902,2021-01-23 22:28:39,92.1000,5,ask,,
46903,2021-01-23 22:28:39,91.9000,5,bid,,
46904,2021-01-23 22:28:39,92.1000,5,ask,,
46905,2021-01-23 22:28:39,91.9000,5,bid,,
46906,2021-01-23 22:28:39,92.0000,1,ask,,
46907,2021-01-23 22:28:39,92.0000,1,ask,,
46908,2021-01-23 22:28:39,92.0000,1,ask,,
46909,2021-01-23 22:28:39,92.0000,1,ask,,
46910,2021-01-23 22:28:39,91.9000,5,bid,,
46911,2021-01-23 22:28:39,91.8000,1,ask,,
46912,2021-01-23 22:28:41,91.8000,1,ask,,
46913,2021-01-23 22:28:41,91.8000,1,ask,,
46914,2021-01-23 22:28:41,91.8000,1,ask,,
46915,2021-01-23 22:28:41,91.8000,1,ask,,
46916,2021-01-23 22:28:41,91.8000,1,ask,,
46917,2021-01-23 22:28:41,91.8000,1,ask,,
46918,2021-01-23 22:28:41,91.8000,1,ask,,
46919,2021-01-23 22:28:41,91.8000,1,ask,,
46920,2021-01-23 22:28:41,91.8000,1,ask,,
46921,2021-01-23 22:28:41,91.8000,1,ask,,
46922,2021-01-23 22:28:41,91.8000,1,ask,,
46923,2021-01-23 22:28:41,91.8000,1,ask,,
46924,2021-01-23 22:28:41,91.8000,1,ask,,
46925,2021-01-23 22:28:41,91.8000,1,ask,,
46926,2021-01-23 22:28:41,91.8000,1,ask,,
46927,2021-01-23 22:28:41,91.8000,1,ask,,
46928,2021-01-23 22:28:41,91.8000,1,ask,,
46929,2021-01-23 22:28:41,91.8000,1,ask,,
46930,2021-01-23 22:28:41,91.8000,1,ask,,
46931,2021-01-23 22:28:41,91.8000,1,ask,,
46932,2021-01-23 22:28:41,91.8000,1,ask,,
46933,2021-01-23 22:28:41,91.8000,1,ask,,
46934,2021-01-23 22:28:41,91.8000,1,ask,,
46935,2021-01-23 22:28:41,91.8000,1,ask,,
46936,2021-01-23 22:28:41,91.8000,1,ask,,
46937,2021-01-23 22:28:41,91.8000,1,ask,,
46938,2021-01-23 22:28:41,91.8000,1,ask,,
46939,2021-01-23 22:28:41,91.8000,1,ask,,
46940,2021-01-23 22:28:41,91.8000,1,ask,,
46941,2021-01-23 22:28:41,91.8000,1,ask,,
46942,2021-01-23 22:28:41,91.8000,1,ask,,
46943,2021-01-23 22:28:41,91.8000,1,ask,,
46944,2021-01-23 22:28:41,91.8000,1,ask,,
46945,2021-01-23 22:28:41,91.8000,1,ask,,
46946,2021-01-23 22:28:41,91.8000,1,ask,,
46947,2021-01-23 22:28:41,91.8000,1,ask,,
46948,2021-01-23 22:28:41,91.8000,1,ask,,
46949,2021-01-23 22:28:41,91.8000,1,ask,,
46950,2021-01-23 22:28:41,91.8000,1,ask,,
46951,2021-01-23 22:28:41,91.8000,1,ask,,
46952,2021-01-23 22:28:41,91.8000,1,ask,,
46953,2021-01-23 22:28:41,91.8000,1,ask,,
46954,2021-01-23 22:28:41,91.8000,1,ask,,
46955,2021-01-23 22:28:41,91.8000,1,ask,,
46956,2021-01-23 22:28:41,91.8000,1,ask,,
46957,2021-01-23 22:28:41,91.8000,1,ask,,
46958,2021-01-23 22:28:41,91.8000,1,ask,,
46959,2021-01-23 22:28:41,91.8000,1,ask,,
46960,2021-01-23 22:28:41,91.8000,1,ask,,
46961,2021-01-23 22:28:41,91.8000,1,ask,,
46962,2021-01-23 22:28:41,91.8000,1,ask,,
46963,2021-01-23 22:28:41,91.8000,1,ask,,
46964,2021-01-23 22:28:41,91.8000,1,ask,,
46965,2021-01-23 22:28:41,91.8000,1,ask,,
46966,2021-01-23 22:28:41,91.8000,1,ask,,
46967,2021-01-23 22:28:41,91.8000,1,ask,,
46968,2021-01-23 22:28:41,91.8000,1,ask,,
46969,2021-01-23 22:28:41,91.8000,1,ask,,
46970,2021-01-23 22:28:41,91.8000,1,ask,,
46971,2021-01-23 22:28:41,91.8000,1,ask,,
46972,2021-01-23 22:28:41,91.8000,1,ask,,
46973,2021-01-23 22:28:41,91.8000,1,ask,,
46974,2021-01-23 22:28:42,91.9000,5,ask,,
46975,2021-01-23 22:28:42,91.8000,1,bid,,
46976,2021-01-23 22:28:42,91.9000,1,ask,,
46977,2021-01-23 22:28:42,91.8000,5,bid,,
46978,2021-01-23 22:28:43,91.9000,5,ask,,
46979,2021-01-23 22:28:43,91.8000,5,bid,,
46980,2021-01-23 22:28:43,91.8000,1,bid,,
46981,2021-01-23 22:28:43,91.9000,1,ask,,
46982,2021-01-23 22:28:43,91.9000,5,ask,,
46983,2021-01-23 22:28:43,91.8000,5,bid,,
46984,2021-01-23 22:28:43,91.9000,5,ask,,
46985,2021-01-23 22:28:43,91.8000,5,bid,,
46986,2021-01-23 22:28:43,91.9000,4,ask,,
46987,2021-01-23 22:28:43,91.8000,1,bid,,
46988,2021-01-23 22:28:43,91.8000,5,bid,,
46989,2021-01-23 22:28:43,91.5000,1,ask,,
46990,2021-01-23 22:28:46,91.9000,40,bid,,
46991,2021-01-23 22:28:46,91.8000,10,bid,,
46992,2021-01-23 22:28:46,91.8000,30,bid,,
46993,2021-01-23 22:28:48,91.4000,1,ask,,
46994,2021-01-23 22:28:48,91.4000,1,ask,,
46995,2021-01-23 22:28:48,91.4000,1,ask,,
46996,2021-01-23 22:28:48,91.4000,1,ask,,
46997,2021-01-23 22:28:48,91.4000,1,ask,,
46998,2021-01-23 22:28:48,91.4000,1,ask,,
46999,2021-01-23 22:28:48,91.8000,1,ask,,
47000,2021-01-23 22:28:48,91.8000,1,ask,,
47001,2021-01-23 22:28:48,91.4000,5,bid,,
47002,2021-01-23 22:28:48,91.3000,3,ask,,
47003,2021-01-23 22:28:48,91.7000,1,ask,,
47004,2021-01-23 22:28:48,91.7000,1,ask,,
47005,2021-01-23 22:28:48,91.7000,1,ask,,
47006,2021-01-23 22:28:48,91.7000,1,ask,,
47007,2021-01-23 22:28:48,91.7000,1,ask,,
47008,2021-01-23 22:28:48,91.4000,5,bid,,
47009,2021-01-23 22:28:48,91.7000,1,ask,,
47010,2021-01-23 22:28:48,91.7000,1,ask,,
47011,2021-01-23 22:28:48,91.7000,1,ask,,
47012,2021-01-23 22:28:48,91.7000,1,ask,,
47013,2021-01-23 22:28:48,91.4000,5,bid,,
47014,2021-01-23 22:28:48,91.3000,1,ask,,
47015,2021-01-23 22:28:48,91.5000,5,ask,,
47016,2021-01-23 22:28:48,91.4000,5,bid,,
47017,2021-01-23 22:28:48,91.4000,74,bid,,
47018,2021-01-23 22:28:48,91.4000,40,bid,,
47019,2021-01-23 22:28:48,91.5000,5,ask,,
47020,2021-01-23 22:28:49,91.8000,5,bid,,
47021,2021-01-23 22:28:51,91.7000,40,bid,,
47022,2021-01-23 22:28:52,91.7000,2,bid,,
47023,2021-01-23 22:28:52,91.7000,2,ask,,
47024,2021-01-23 22:28:52,91.7000,2,bid,,
47025,2021-01-23 22:28:52,91.7000,2,ask,,
47026,2021-01-23 22:28:52,91.7000,2,bid,,
47027,2021-01-23 22:28:52,91.7000,2,ask,,
47028,2021-01-23 22:28:52,91.7000,2,bid,,
47029,2021-01-23 22:28:52,91.7000,2,ask,,
47030,2021-01-23 22:28:52,91.7000,2,bid,,
47031,2021-01-23 22:28:52,91.7000,2,ask,,
47032,2021-01-23 22:28:52,91.7000,2,bid,,
47033,2021-01-23 22:28:52,91.7000,2,ask,,
47034,2021-01-23 22:28:52,91.7000,2,bid,,
47035,2021-01-23 22:28:52,91.7000,2,ask,,
47036,2021-01-23 22:28:52,91.7000,2,bid,,
47037,2021-01-23 22:28:52,91.7000,2,ask,,
47038,2021-01-23 22:28:53,91.7000,2,bid,,
47039,2021-01-23 22:28:53,91.7000,2,ask,,
47040,2021-01-23 22:28:53,91.7000,2,bid,,
47041,2021-01-23 22:28:53,91.7000,2,ask,,
47042,2021-01-23 22:28:54,91.9000,4,bid,,
47043,2021-01-23 22:28:54,91.9000,4,bid,,
47044,2021-01-23 22:28:54,91.9000,10,bid,,
47045,2021-01-23 22:28:54,91.9000,10,bid,,
47046,2021-01-23 22:28:54,91.9000,10,bid,,
47047,2021-01-23 22:28:54,91.9000,10,bid,,
47048,2021-01-23 22:28:54,91.9000,10,bid,,
47049,2021-01-23 22:28:54,91.9000,10,bid,,
47050,2021-01-23 22:28:54,91.9000,3,bid,,
47051,2021-01-23 22:28:54,91.9000,1,bid,,
47052,2021-01-23 22:28:54,91.9000,1,bid,,
47053,2021-01-23 22:28:54,91.9000,1,bid,,
47054,2021-01-23 22:28:54,91.9000,1,bid,,
47055,2021-01-23 22:28:54,91.9000,1,bid,,
47056,2021-01-23 22:28:54,91.9000,1,bid,,
47057,2021-01-23 22:28:54,91.8000,1,bid,,
47058,2021-01-23 22:28:54,91.9000,1,ask,,
47059,2021-01-23 22:28:54,92.0000,1,bid,,
47060,2021-01-23 22:28:54,92.3000,8,bid,,
47061,2021-01-23 22:28:54,92.0000,1,bid,,
47062,2021-01-23 22:28:54,92.0000,1,bid,,
47063,2021-01-23 22:28:54,92.0000,2,ask,,
47064,2021-01-23 22:28:54,92.3000,14,bid,,
47065,2021-01-23 22:28:54,92.3000,31,bid,,
47066,2021-01-23 22:28:54,92.0000,1,bid,,
47067,2021-01-23 22:28:54,92.0000,1,bid,,
47068,2021-01-23 22:28:54,92.3000,10,bid,,
47069,2021-01-23 22:28:54,92.0000,2,ask,,
47070,2021-01-23 22:28:54,92.3000,1,bid,,
47071,2021-01-23 22:28:54,92.0000,1,bid,,
47072,2021-01-23 22:28:54,92.0000,1,bid,,
47073,2021-01-23 22:28:54,92.0000,2,ask,,
47074,2021-01-23 22:28:55,91.9000,1,ask,,
47075,2021-01-23 22:28:55,91.8000,5,bid,,
47076,2021-01-23 22:28:55,91.8000,14,bid,,
47077,2021-01-23 22:28:55,92.0000,2,ask,,
47078,2021-01-23 22:28:55,91.6000,12,ask,,
47079,2021-01-23 22:29:18,91.8000,5,bid,,
47080,2021-01-23 22:29:18,91.6000,5,bid,,
47081,2021-01-23 22:29:19,91.8000,5,bid,,
47082,2021-01-23 22:29:19,91.7000,5,bid,,
47083,2021-01-23 22:29:20,91.8000,5,bid,,
47084,2021-01-23 22:29:20,92.4000,1,bid,,
47085,2021-01-23 22:29:20,91.6000,1,ask,,
47086,2021-01-23 22:29:20,91.6000,40,ask,,
47087,2021-01-23 22:29:20,91.6000,20,ask,,
47088,2021-01-23 22:29:20,91.5000,61,bid,,
47089,2021-01-23 22:29:20,91.5000,41,bid,,
47090,2021-01-23 22:29:20,91.5000,40,ask,,
47091,2021-01-23 22:29:20,91.5000,1,ask,,
47092,2021-01-23 22:29:21,91.8000,4,bid,,
47093,2021-01-23 22:29:21,91.5000,4,bid,,
47094,2021-01-23 22:29:21,91.5000,4,bid,,
47095,2021-01-23 22:29:22,91.8000,4,bid,,
47096,2021-01-23 22:29:22,91.5000,4,bid,,
47097,2021-01-23 22:29:23,91.8000,4,bid,,
47098,2021-01-23 22:29:23,91.4000,1,ask,,
47099,2021-01-23 22:29:23,91.4000,1,ask,,
47100,2021-01-23 22:29:23,91.4000,1,ask,,
47101,2021-01-23 22:29:23,91.4000,1,ask,,
47102,2021-01-23 22:29:23,91.4000,1,ask,,
47103,2021-01-23 22:29:23,91.4000,4,bid,,
47104,2021-01-23 22:29:24,91.8000,4,bid,,
47105,2021-01-23 22:29:25,91.7000,6,bid,,
47106,2021-01-23 22:29:25,91.4000,6,bid,,
47107,2021-01-23 22:29:26,91.7000,6,bid,,
47108,2021-01-23 22:29:26,91.4000,1,ask,,
47109,2021-01-23 22:29:26,91.4000,1,ask,,
47110,2021-01-23 22:29:26,91.4000,1,ask,,
47111,2021-01-23 22:29:26,91.4000,1,ask,,
47112,2021-01-23 22:29:26,91.4000,1,ask,,
47113,2021-01-23 22:29:26,91.4000,1,ask,,
47114,2021-01-23 22:29:26,91.4000,4,ask,,
47115,2021-01-23 22:29:26,91.3000,1,ask,,
47116,2021-01-23 22:29:26,91.3000,1,ask,,
47117,2021-01-23 22:29:26,91.3000,1,ask,,
47118,2021-01-23 22:29:26,91.3000,1,ask,,
47119,2021-01-23 22:29:26,91.3000,1,ask,,
47120,2021-01-23 22:29:26,91.3000,1,ask,,
47121,2021-01-23 22:29:26,91.4000,5,ask,,
47122,2021-01-23 22:29:26,91.3000,5,bid,,
47123,2021-01-23 22:29:26,91.4000,5,ask,,
47124,2021-01-23 22:29:26,91.3000,5,bid,,
47125,2021-01-23 22:29:26,91.3000,6,bid,,
47126,2021-01-23 22:29:26,91.4000,5,ask,,
47127,2021-01-23 22:29:26,91.3000,5,bid,,
47128,2021-01-23 22:29:27,91.4000,1,ask,,
47129,2021-01-23 22:29:27,91.3000,5,bid,,
47130,2021-01-23 22:29:27,91.2000,1,ask,,
47131,2021-01-23 22:29:27,91.2000,1,ask,,
47132,2021-01-23 22:29:27,91.2000,1,ask,,
47133,2021-01-23 22:29:27,91.2000,1,ask,,
47134,2021-01-23 22:29:27,91.7000,4,bid,,
47135,2021-01-23 22:29:27,91.3000,4,bid,,
47136,2021-01-23 22:29:28,91.6000,5,bid,,
47137,2021-01-23 22:29:29,91.6000,5,bid,,
47138,2021-01-23 22:29:30,91.3000,1,bid,,
47139,2021-01-23 22:29:31,91.5000,7,bid,,
47140,2021-01-23 22:29:31,91.3000,7,bid,,
47141,2021-01-23 22:29:32,91.3000,1,bid,,
47142,2021-01-23 22:29:32,91.5000,7,bid,,
47143,2021-01-23 22:29:32,91.2000,1,ask,,
47144,2021-01-23 22:29:32,91.2000,1,ask,,
47145,2021-01-23 22:29:32,91.2000,1,ask,,
47146,2021-01-23 22:29:32,91.2000,1,ask,,
47147,2021-01-23 22:29:32,91.2000,1,ask,,
47148,2021-01-23 22:29:32,91.2000,1,ask,,
47149,2021-01-23 22:29:32,91.2000,1,ask,,
47150,2021-01-23 22:29:32,91.2000,1,ask,,
47151,2021-01-23 22:29:32,91.2000,1,ask,,
47152,2021-01-23 22:29:32,91.2000,1,ask,,
47153,2021-01-23 22:29:32,91.2000,1,ask,,
47154,2021-01-23 22:29:32,91.2000,1,ask,,
47155,2021-01-23 22:29:32,91.2000,1,ask,,
47156,2021-01-23 22:29:32,91.2000,1,ask,,
47157,2021-01-23 22:29:32,91.2000,1,ask,,
47158,2021-01-23 22:29:32,91.2000,1,ask,,
47159,2021-01-23 22:29:32,91.3000,5,ask,,
47160,2021-01-23 22:29:32,91.2000,5,bid,,
47161,2021-01-23 22:29:32,91.2000,7,bid,,
47162,2021-01-23 22:29:32,91.3000,5,ask,,
47163,2021-01-23 22:29:32,91.2000,5,bid,,
47164,2021-01-23 22:29:32,91.3000,5,ask,,
47165,2021-01-23 22:29:32,91.2000,5,bid,,
47166,2021-01-23 22:29:33,91.3000,5,ask,,
47167,2021-01-23 22:29:33,91.2000,5,bid,,
47168,2021-01-23 22:29:33,91.2000,1,bid,,
47169,2021-01-23 22:29:33,91.6000,1,bid,,
47170,2021-01-23 22:29:33,91.6000,3,bid,,
47171,2021-01-23 22:29:33,91.2000,3,bid,,
47172,2021-01-23 22:29:33,91.2000,10,ask,,
47173,2021-01-23 22:29:34,91.4000,1,bid,,
47174,2021-01-23 22:29:34,91.4000,1,bid,,
47175,2021-01-23 22:29:34,91.4000,1,bid,,
47176,2021-01-23 22:29:34,91.4000,1,bid,,
47177,2021-01-23 22:29:34,91.4000,1,bid,,
47178,2021-01-23 22:29:34,91.4000,1,bid,,
47179,2021-01-23 22:29:34,91.4000,1,bid,,
47180,2021-01-23 22:29:34,91.4000,1,bid,,
47181,2021-01-23 22:29:34,91.4000,1,bid,,
47182,2021-01-23 22:29:34,91.4000,1,bid,,
47183,2021-01-23 22:29:34,91.4000,1,bid,,
47184,2021-01-23 22:29:34,91.4000,1,bid,,
47185,2021-01-23 22:29:34,91.4000,1,bid,,
47186,2021-01-23 22:29:35,91.4000,1,bid,,
47187,2021-01-23 22:29:35,91.4000,1,bid,,
47188,2021-01-23 22:29:35,91.4000,1,bid,,
47189,2021-01-23 22:29:35,91.4000,1,bid,,
47190,2021-01-23 22:29:35,91.4000,1,bid,,
47191,2021-01-23 22:29:35,91.4000,1,bid,,
47192,2021-01-23 22:29:35,91.4000,1,bid,,
47193,2021-01-23 22:29:35,91.4000,1,bid,,
47194,2021-01-23 22:29:35,91.5000,1,bid,,
47195,2021-01-23 22:29:35,91.5000,1,bid,,
47196,2021-01-23 22:29:35,91.6000,1,bid,,
47197,2021-01-23 22:29:35,91.6000,1,bid,,
47198,2021-01-23 22:29:35,91.6000,1,bid,,
47199,2021-01-23 22:29:35,91.6000,1,bid,,
47200,2021-01-23 22:29:35,91.6000,1,bid,,
47201,2021-01-23 22:29:35,91.6000,1,bid,,
47202,2021-01-23 22:29:36,91.6000,1,bid,,
47203,2021-01-23 22:29:36,91.6000,1,bid,,
47204,2021-01-23 22:29:36,91.6000,1,bid,,
47205,2021-01-23 22:29:36,91.6000,1,bid,,
47206,2021-01-23 22:29:36,91.6000,1,bid,,
47207,2021-01-23 22:29:36,91.6000,3,bid,,
47208,2021-01-23 22:29:37,91.7000,1,bid,,
47209,2021-01-23 22:29:37,91.6000,3,bid,,
47210,2021-01-23 22:29:38,91.8000,1,bid,,
47211,2021-01-23 22:29:38,91.6000,3,bid,,
47212,2021-01-23 22:29:39,91.7000,1,bid,,
47213,2021-01-23 22:29:39,91.6000,3,bid,,
47214,2021-01-23 22:29:40,91.8000,1,bid,,
47215,2021-01-23 22:29:40,91.8000,1,bid,,
47216,2021-01-23 22:29:40,91.8000,1,bid,,
47217,2021-01-23 22:29:51,91.5000,1,ask,,
47218,2021-01-23 22:29:51,91.5000,1,ask,,
47219,2021-01-23 22:29:51,91.5000,1,ask,,
47220,2021-01-23 22:29:51,91.5000,1,ask,,
47221,2021-01-23 22:29:51,91.5000,1,ask,,
47222,2021-01-23 22:29:51,91.5000,1,ask,,
47223,2021-01-23 22:29:51,91.5000,1,ask,,
47224,2021-01-23 22:29:51,91.5000,1,ask,,
47225,2021-01-23 22:29:51,91.5000,1,ask,,
47226,2021-01-23 22:29:51,91.5000,1,ask,,
47227,2021-01-23 22:30:04,91.4000,40,bid,,
47228,2021-01-23 22:30:05,91.5000,1,ask,,
47229,2021-01-23 22:30:05,91.5000,1,ask,,
47230,2021-01-23 22:30:05,91.5000,1,ask,,
47231,2021-01-23 22:30:05,91.5000,1,ask,,
47232,2021-01-23 22:30:05,91.5000,1,ask,,
47233,2021-01-23 22:30:05,91.5000,1,ask,,
47234,2021-01-23 22:30:05,91.5000,1,ask,,
47235,2021-01-23 22:30:05,91.5000,1,ask,,
47236,2021-01-23 22:30:05,91.5000,1,ask,,
47237,2021-01-23 22:30:05,91.5000,1,ask,,
47238,2021-01-23 22:30:08,91.5000,1,ask,,
47239,2021-01-23 22:30:08,91.5000,1,ask,,
47240,2021-01-23 22:30:08,91.5000,1,ask,,
47241,2021-01-23 22:30:08,91.5000,1,ask,,
47242,2021-01-23 22:30:08,91.5000,1,ask,,
47243,2021-01-23 22:30:08,91.4000,1,ask,,
47244,2021-01-23 22:30:08,91.4000,1,ask,,
47245,2021-01-23 22:30:08,91.4000,1,ask,,
47246,2021-01-23 22:30:08,91.4000,1,ask,,
47247,2021-01-23 22:30:08,91.4000,1,ask,,
47248,2021-01-23 22:30:12,91.5000,10,ask,,
47249,2021-01-23 22:30:15,91.5000,10,ask,,
47250,2021-01-23 22:30:16,91.1000,1,ask,,
47251,2021-01-23 22:30:16,91.1000,1,ask,,
47252,2021-01-23 22:30:16,91.1000,1,ask,,
47253,2021-01-23 22:30:16,91.1000,1,ask,,
47254,2021-01-23 22:30:16,91.1000,1,ask,,
47255,2021-01-23 22:30:16,91.1000,1,ask,,
47256,2021-01-23 22:30:16,91.1000,1,ask,,
47257,2021-01-23 22:30:16,91.1000,1,ask,,
47258,2021-01-23 22:30:16,91.1000,1,ask,,
47259,2021-01-23 22:30:16,91.1000,1,ask,,
47260,2021-01-23 22:30:16,91.1000,1,ask,,
47261,2021-01-23 22:30:16,91.1000,1,ask,,
47262,2021-01-23 22:30:16,91.1000,1,ask,,
47263,2021-01-23 22:30:16,91.1000,1,ask,,
47264,2021-01-23 22:30:16,91.1000,1,ask,,
47265,2021-01-23 22:30:16,91.1000,1,ask,,
47266,2021-01-23 22:30:16,91.1000,1,ask,,
47267,2021-01-23 22:30:16,91.1000,1,ask,,
47268,2021-01-23 22:30:16,91.1000,1,ask,,
47269,2021-01-23 22:30:16,91.6000,1,bid,,
47270,2021-01-23 22:30:19,91.4000,1,ask,,
47271,2021-01-23 22:30:19,91.4000,1,ask,,
47272,2021-01-23 22:30:19,91.4000,1,ask,,
47273,2021-01-23 22:30:19,91.4000,1,ask,,
47274,2021-01-23 22:30:19,91.4000,1,ask,,
47275,2021-01-23 22:30:19,91.4000,1,ask,,
47276,2021-01-23 22:30:19,91.4000,1,ask,,
47277,2021-01-23 22:30:19,91.4000,1,ask,,
47278,2021-01-23 22:30:19,91.4000,1,ask,,
47279,2021-01-23 22:30:19,91.4000,1,ask,,
47280,2021-01-23 22:30:19,91.5000,1,bid,,
47281,2021-01-23 22:30:20,91.6000,1,bid,,
47282,2021-01-23 22:30:23,91.4000,1,ask,,
47283,2021-01-23 22:30:23,91.4000,1,ask,,
47284,2021-01-23 22:30:23,91.4000,1,ask,,
47285,2021-01-23 22:30:23,91.4000,1,ask,,
47286,2021-01-23 22:30:23,91.4000,1,ask,,
47287,2021-01-23 22:30:23,91.4000,1,ask,,
47288,2021-01-23 22:30:23,91.4000,1,ask,,
47289,2021-01-23 22:30:23,91.4000,1,ask,,
47290,2021-01-23 22:30:23,91.4000,1,ask,,
47291,2021-01-23 22:30:23,91.4000,1,ask,,
47292,2021-01-23 22:30:23,91.5000,1,bid,,
47293,2021-01-23 22:30:24,91.6000,1,bid,,
47294,2021-01-23 22:30:38,91.6000,1,bid,,
47295,2021-01-23 22:30:38,91.6000,19,bid,,
47296,2021-01-23 22:30:38,91.7000,1,bid,,
47297,2021-01-23 22:30:38,91.7000,1,bid,,
47298,2021-01-23 22:30:38,91.7000,1,bid,,
47299,2021-01-23 22:30:38,91.7000,1,bid,,
47300,2021-01-23 22:30:38,91.7000,1,bid,,
47301,2021-01-23 22:30:38,91.7000,1,bid,,
47302,2021-01-23 22:30:38,91.7000,1,bid,,
47303,2021-01-23 22:30:38,91.7000,1,bid,,
47304,2021-01-23 22:30:38,91.7000,1,bid,,
47305,2021-01-23 22:30:38,91.7000,1,bid,,
47306,2021-01-23 22:30:38,91.7000,1,bid,,
47307,2021-01-23 22:30:38,91.7000,1,bid,,
47308,2021-01-23 22:30:38,91.7000,1,bid,,
47309,2021-01-23 22:30:38,91.7000,1,bid,,
47310,2021-01-23 22:30:38,91.7000,1,bid,,
47311,2021-01-23 22:30:38,91.7000,1,bid,,
47312,2021-01-23 22:30:38,91.7000,1,bid,,
47313,2021-01-23 22:30:38,91.7000,1,bid,,
47314,2021-01-23 22:30:38,91.7000,1,bid,,
47315,2021-01-23 22:30:38,91.7000,1,bid,,
47316,2021-01-23 22:30:38,91.7000,1,bid,,
47317,2021-01-23 22:30:38,91.7000,1,bid,,
47318,2021-01-23 22:30:38,91.7000,1,bid,,
47319,2021-01-23 22:30:38,91.7000,1,bid,,
47320,2021-01-23 22:30:38,91.7000,1,bid,,
47321,2021-01-23 22:30:38,91.7000,1,bid,,
47322,2021-01-23 22:30:38,91.7000,1,bid,,
47323,2021-01-23 22:30:38,91.7000,1,bid,,
47324,2021-01-23 22:30:38,91.7000,1,bid,,
47325,2021-01-23 22:30:38,91.7000,1,bid,,
47326,2021-01-23 22:30:38,91.7000,1,bid,,
47327,2021-01-23 22:30:38,91.7000,1,bid,,
47328,2021-01-23 22:30:38,91.7000,1,bid,,
47329,2021-01-23 22:30:38,91.7000,1,bid,,
47330,2021-01-23 22:30:38,91.7000,1,bid,,
47331,2021-01-23 22:30:38,91.7000,1,bid,,
47332,2021-01-23 22:30:38,91.7000,1,bid,,
47333,2021-01-23 22:30:38,91.7000,1,bid,,
47334,2021-01-23 22:30:38,91.7000,1,bid,,
47335,2021-01-23 22:30:38,91.7000,1,bid,,
47336,2021-01-23 22:30:38,91.7000,40,bid,,
47337,2021-01-23 22:30:38,91.7000,1,bid,,
47338,2021-01-23 22:30:38,91.7000,1,bid,,
47339,2021-01-23 22:30:38,91.7000,1,bid,,
47340,2021-01-23 22:30:38,91.8000,1,bid,,
47341,2021-01-23 22:30:38,91.8000,1,bid,,
47342,2021-01-23 22:30:38,91.8000,1,bid,,
47343,2021-01-23 22:30:38,91.8000,1,bid,,
47344,2021-01-23 22:30:38,91.9000,1,bid,,
47345,2021-01-23 22:30:38,91.9000,1,bid,,
47346,2021-01-23 22:30:38,91.9000,1,bid,,
47347,2021-01-23 22:30:38,91.9000,1,bid,,
47348,2021-01-23 22:30:38,91.9000,1,bid,,
47349,2021-01-23 22:30:38,91.9000,1,bid,,
47350,2021-01-23 22:30:38,91.9000,1,bid,,
47351,2021-01-23 22:30:38,91.9000,1,bid,,
47352,2021-01-23 22:30:38,91.9000,86,bid,,
47353,2021-01-23 22:30:39,91.8000,1,bid,,
47354,2021-01-23 22:30:39,91.9000,1,bid,,
47355,2021-01-23 22:30:39,91.9000,1,bid,,
47356,2021-01-23 22:30:39,91.9000,1,bid,,
47357,2021-01-23 22:30:39,91.9000,1,bid,,
47358,2021-01-23 22:30:39,91.9000,1,bid,,
47359,2021-01-23 22:30:39,91.9000,1,bid,,
47360,2021-01-23 22:30:39,91.9000,1,bid,,
47361,2021-01-23 22:30:39,91.9000,1,bid,,
47362,2021-01-23 22:30:39,91.9000,1,bid,,
47363,2021-01-23 22:30:39,91.9000,1,bid,,
47364,2021-01-23 22:30:39,91.9000,1,bid,,
47365,2021-01-23 22:30:39,91.9000,1,bid,,
47366,2021-01-23 22:30:39,91.9000,1,bid,,
47367,2021-01-23 22:30:39,91.9000,1,bid,,
47368,2021-01-23 22:30:39,91.9000,1,bid,,
47369,2021-01-23 22:30:39,91.9000,1,bid,,
47370,2021-01-23 22:30:39,91.9000,1,bid,,
47371,2021-01-23 22:30:39,91.9000,1,bid,,
47372,2021-01-23 22:30:39,91.9000,1,bid,,
47373,2021-01-23 22:30:39,91.9000,1,bid,,
47374,2021-01-23 22:30:39,91.9000,1,bid,,
47375,2021-01-23 22:30:39,91.9000,1,bid,,
47376,2021-01-23 22:30:39,91.9000,1,bid,,
47377,2021-01-23 22:30:39,91.9000,1,bid,,
47378,2021-01-23 22:30:39,91.9000,1,bid,,
47379,2021-01-23 22:30:39,91.9000,1,bid,,
47380,2021-01-23 22:30:39,91.9000,1,bid,,
47381,2021-01-23 22:30:39,91.9000,1,bid,,
47382,2021-01-23 22:30:39,91.9000,1,bid,,
47383,2021-01-23 22:30:39,91.9000,1,bid,,
47384,2021-01-23 22:30:39,91.9000,1,bid,,
47385,2021-01-23 22:30:39,91.9000,1,bid,,
47386,2021-01-23 22:30:39,91.9000,1,bid,,
47387,2021-01-23 22:30:39,91.9000,1,bid,,
47388,2021-01-23 22:30:39,91.9000,1,bid,,
47389,2021-01-23 22:30:39,91.9000,1,bid,,
47390,2021-01-23 22:30:39,91.9000,1,bid,,
47391,2021-01-23 22:30:39,91.9000,1,bid,,
47392,2021-01-23 22:30:39,91.9000,1,bid,,
47393,2021-01-23 22:30:39,91.9000,1,bid,,
47394,2021-01-23 22:30:39,91.9000,1,bid,,
47395,2021-01-23 22:30:39,91.9000,1,bid,,
47396,2021-01-23 22:30:39,91.9000,1,bid,,
47397,2021-01-23 22:30:39,91.9000,1,bid,,
47398,2021-01-23 22:30:39,91.9000,1,bid,,
47399,2021-01-23 22:30:39,91.9000,1,bid,,
47400,2021-01-23 22:30:40,91.9000,39,bid,,
47401,2021-01-23 22:30:52,91.7000,2,ask,,
47402,2021-01-23 22:30:52,91.7000,40,ask,,
47403,2021-01-23 22:30:52,91.7000,40,bid,,
47404,2021-01-23 22:30:53,91.7000,2,ask,,
47405,2021-01-23 22:30:55,91.7000,2,ask,,
47406,2021-01-23 22:30:56,91.7000,2,ask,,
47407,2021-01-23 22:30:57,91.7000,2,ask,,
47408,2021-01-23 22:30:58,91.8000,60,ask,,
47409,2021-01-23 22:30:58,91.8000,40,bid,,
47410,2021-01-23 22:30:58,91.8000,20,bid,,
47411,2021-01-23 22:30:58,91.8000,6,ask,,
47412,2021-01-23 22:30:59,91.8000,5,ask,,
47413,2021-01-23 22:31:00,91.7000,20,ask,,
47414,2021-01-23 22:31:00,91.7000,78,bid,,
47415,2021-01-23 22:31:00,91.9000,10,ask,,
47416,2021-01-23 22:31:00,91.9000,78,ask,,
47417,2021-01-23 22:31:01,91.7000,1,ask,,
47418,2021-01-23 22:31:02,91.7000,1,ask,,
47419,2021-01-23 22:31:02,91.7000,20,ask,,
47420,2021-01-23 22:31:02,91.7000,20,bid,,
47421,2021-01-23 22:31:03,91.7000,1,ask,,
47422,2021-01-23 22:31:04,91.8000,5,ask,,
47423,2021-01-23 22:31:05,91.8000,5,ask,,
47424,2021-01-23 22:31:05,91.9000,1,bid,,
47425,2021-01-23 22:31:05,91.9000,1,bid,,
47426,2021-01-23 22:31:05,92.0000,1,bid,,
47427,2021-01-23 22:31:05,92.0000,1,bid,,
47428,2021-01-23 22:31:05,91.9000,40,bid,,
47429,2021-01-23 22:31:05,92.1000,80,ask,,
47430,2021-01-23 22:31:05,92.0000,1,bid,,
47431,2021-01-23 22:31:05,92.0000,40,bid,,
47432,2021-01-23 22:31:05,92.0000,59,bid,,
47433,2021-01-23 22:31:05,92.0000,2,bid,,
47434,2021-01-23 22:31:05,92.1000,40,ask,,
47435,2021-01-23 22:31:05,92.1000,2,ask,,
47436,2021-01-23 22:31:05,92.0000,80,bid,,
47437,2021-01-23 22:31:05,92.0000,5,bid,,
47438,2021-01-23 22:31:05,92.1000,5,ask,,
47439,2021-01-23 22:31:05,92.0000,55,bid,,
47440,2021-01-23 22:31:05,92.1000,69,ask,,
47441,2021-01-23 22:31:05,91.0000,1,ask,,
47442,2021-01-23 22:31:05,91.0000,1,ask,,
47443,2021-01-23 22:31:05,91.0000,1,ask,,
47444,2021-01-23 22:31:05,91.0000,1,ask,,
47445,2021-01-23 22:31:05,91.0000,1,ask,,
47446,2021-01-23 22:31:05,91.0000,1,ask,,
47447,2021-01-23 22:31:05,91.0000,1,ask,,
47448,2021-01-23 22:31:05,91.0000,1,ask,,
47449,2021-01-23 22:31:05,91.0000,1,ask,,
47450,2021-01-23 22:31:05,91.0000,1,ask,,
47451,2021-01-23 22:31:05,91.0000,1,ask,,
47452,2021-01-23 22:31:05,91.0000,1,ask,,
47453,2021-01-23 22:31:05,91.0000,1,ask,,
47454,2021-01-23 22:31:05,91.0000,1,ask,,
47455,2021-01-23 22:31:05,91.0000,1,ask,,
47456,2021-01-23 22:31:05,91.0000,1,ask,,
47457,2021-01-23 22:31:05,91.0000,1,ask,,
47458,2021-01-23 22:31:05,91.0000,1,ask,,
47459,2021-01-23 22:31:05,91.0000,1,ask,,
47460,2021-01-23 22:31:05,91.0000,1,ask,,
47461,2021-01-23 22:31:05,91.0000,1,ask,,
47462,2021-01-23 22:31:05,91.0000,1,ask,,
47463,2021-01-23 22:31:05,91.0000,1,ask,,
47464,2021-01-23 22:31:05,91.0000,1,ask,,
47465,2021-01-23 22:31:05,91.0000,1,ask,,
47466,2021-01-23 22:31:05,91.0000,1,ask,,
47467,2021-01-23 22:31:05,91.0000,1,ask,,
47468,2021-01-23 22:31:05,91.0000,1,ask,,
47469,2021-01-23 22:31:05,91.0000,1,ask,,
47470,2021-01-23 22:31:05,91.0000,1,ask,,
47471,2021-01-23 22:31:05,91.0000,1,ask,,
47472,2021-01-23 22:31:05,91.0000,1,ask,,
47473,2021-01-23 22:31:05,91.0000,1,ask,,
47474,2021-01-23 22:31:05,91.0000,1,ask,,
47475,2021-01-23 22:31:05,91.0000,1,ask,,
47476,2021-01-23 22:31:05,91.0000,1,ask,,
47477,2021-01-23 22:31:05,91.0000,1,ask,,
47478,2021-01-23 22:31:05,91.0000,1,ask,,
47479,2021-01-23 22:31:05,91.0000,1,ask,,
47480,2021-01-23 22:31:05,91.0000,1,ask,,
47481,2021-01-23 22:31:05,91.0000,1,ask,,
47482,2021-01-23 22:31:05,91.0000,1,ask,,
47483,2021-01-23 22:31:05,91.0000,1,ask,,
47484,2021-01-23 22:31:06,91.1000,1,bid,,
47485,2021-01-23 22:31:06,91.9000,1,ask,,
47486,2021-01-23 22:31:06,92.5000,1,bid,,
47487,2021-01-23 22:31:06,91.8000,1,ask,,
47488,2021-01-23 22:31:06,91.7000,19,bid,,
47489,2021-01-23 22:31:06,92.6000,1,bid,,
47490,2021-01-23 22:31:07,92.0000,40,bid,,
47491,2021-01-23 22:31:07,92.2000,43,ask,,
47492,2021-01-23 22:31:07,92.2000,40,ask,,
47493,2021-01-23 22:31:07,92.7000,1,bid,,
47494,2021-01-23 22:31:07,92.2000,6,ask,,
47495,2021-01-23 22:31:08,92.3000,1,bid,,
47496,2021-01-23 22:31:08,92.2000,6,ask,,
47497,2021-01-23 22:31:08,92.4000,1,bid,,
47498,2021-01-23 22:31:09,92.2000,10,bid,,
47499,2021-01-23 22:31:09,92.5000,1,bid,,
47500,2021-01-23 22:31:09,92.5000,1,bid,,
47501,2021-01-23 22:31:09,92.2000,6,ask,,
47502,2021-01-23 22:31:09,92.2000,2,bid,,
47503,2021-01-23 22:31:09,92.2000,2,ask,,
47504,2021-01-23 22:31:09,92.2000,2,bid,,
47505,2021-01-23 22:31:09,92.2000,2,ask,,
47506,2021-01-23 22:31:09,92.2000,2,bid,,
47507,2021-01-23 22:31:09,92.2000,2,ask,,
47508,2021-01-23 22:31:09,92.8000,1,bid,,
47509,2021-01-23 22:31:09,92.8000,1,bid,,
47510,2021-01-23 22:31:09,92.8000,1,bid,,
47511,2021-01-23 22:31:09,92.8000,1,bid,,
47512,2021-01-23 22:31:09,92.8000,1,bid,,
47513,2021-01-23 22:31:09,92.8000,1,bid,,
47514,2021-01-23 22:31:09,92.8000,1,bid,,
47515,2021-01-23 22:31:09,92.8000,1,bid,,
47516,2021-01-23 22:31:09,92.8000,1,bid,,
47517,2021-01-23 22:31:09,92.8000,166,bid,,
47518,2021-01-23 22:31:10,92.2000,2,bid,,
47519,2021-01-23 22:31:10,92.1000,2,ask,,
47520,2021-01-23 22:31:10,92.1000,3,ask,,
47521,2021-01-23 22:31:10,92.1000,1,ask,,
47522,2021-01-23 22:31:10,92.1000,2,bid,,
47523,2021-01-23 22:31:10,92.1000,2,ask,,
47524,2021-01-23 22:31:10,92.1000,2,bid,,
47525,2021-01-23 22:31:10,92.1000,2,ask,,
47526,2021-01-23 22:31:11,92.1000,2,bid,,
47527,2021-01-23 22:31:11,92.1000,2,ask,,
47528,2021-01-23 22:31:11,92.1000,2,bid,,
47529,2021-01-23 22:31:11,92.1000,2,ask,,
47530,2021-01-23 22:31:11,92.1000,2,bid,,
47531,2021-01-23 22:31:11,92.1000,2,ask,,
47532,2021-01-23 22:31:11,92.1000,2,bid,,
47533,2021-01-23 22:31:11,92.1000,2,ask,,
47534,2021-01-23 22:31:11,92.1000,2,bid,,
47535,2021-01-23 22:31:11,92.1000,2,ask,,
47536,2021-01-23 22:31:11,92.1000,2,bid,,
47537,2021-01-23 22:31:11,92.1000,2,ask,,
47538,2021-01-23 22:31:12,92.1000,2,bid,,
47539,2021-01-23 22:31:12,92.1000,2,ask,,
47540,2021-01-23 22:31:12,92.1000,1,bid,,
47541,2021-01-23 22:31:12,92.1000,1,bid,,
47542,2021-01-23 22:31:12,92.1000,2,ask,,
47543,2021-01-23 22:31:12,92.1000,2,bid,,
47544,2021-01-23 22:31:12,92.1000,2,ask,,
47545,2021-01-23 22:31:12,92.1000,2,bid,,
47546,2021-01-23 22:31:12,92.1000,2,ask,,
47547,2021-01-23 22:31:12,92.1000,3,ask,,
47548,2021-01-23 22:31:12,92.1000,2,bid,,
47549,2021-01-23 22:31:12,92.1000,2,ask,,
47550,2021-01-23 22:31:12,92.1000,2,bid,,
47551,2021-01-23 22:31:12,92.1000,2,ask,,
47552,2021-01-23 22:31:12,92.1000,10,bid,,
47553,2021-01-23 22:31:12,92.1000,2,bid,,
47554,2021-01-23 22:31:12,92.1000,2,ask,,
47555,2021-01-23 22:31:12,92.1000,2,bid,,
47556,2021-01-23 22:31:12,92.1000,2,ask,,
47557,2021-01-23 22:31:13,92.1000,17,bid,,
47558,2021-01-23 22:31:13,92.3000,2,ask,,
47559,2021-01-23 22:31:13,92.3000,17,ask,,
47560,2021-01-23 22:31:13,93.0000,2,bid,,
47561,2021-01-23 22:31:13,92.3000,1,bid,,
47562,2021-01-23 22:31:13,92.3000,1,bid,,
47563,2021-01-23 22:31:13,92.3000,2,ask,,
47564,2021-01-23 22:31:13,92.3000,1,bid,,
47565,2021-01-23 22:31:13,92.3000,1,bid,,
47566,2021-01-23 22:31:13,92.3000,2,ask,,
47567,2021-01-23 22:31:13,92.3000,5,ask,,
47568,2021-01-23 22:31:13,92.3000,1,bid,,
47569,2021-01-23 22:31:13,92.3000,1,bid,,
47570,2021-01-23 22:31:13,92.3000,2,ask,,
47571,2021-01-23 22:31:13,92.3000,1,bid,,
47572,2021-01-23 22:31:13,92.3000,1,bid,,
47573,2021-01-23 22:31:13,92.3000,2,ask,,
47574,2021-01-23 22:31:13,92.3000,1,bid,,
47575,2021-01-23 22:31:13,92.3000,1,bid,,
47576,2021-01-23 22:31:13,92.3000,2,ask,,
47577,2021-01-23 22:31:14,92.3000,1,bid,,
47578,2021-01-23 22:31:14,92.3000,1,bid,,
47579,2021-01-23 22:31:14,92.3000,2,ask,,
47580,2021-01-23 22:31:14,92.3000,1,bid,,
47581,2021-01-23 22:31:14,92.3000,1,bid,,
47582,2021-01-23 22:31:14,92.3000,2,ask,,
47583,2021-01-23 22:31:14,92.3000,1,bid,,
47584,2021-01-23 22:31:14,92.3000,1,bid,,
47585,2021-01-23 22:31:14,92.3000,2,ask,,
47586,2021-01-23 22:31:14,92.3000,1,bid,,
47587,2021-01-23 22:31:14,92.3000,1,bid,,
47588,2021-01-23 22:31:14,92.4000,2,ask,,
47589,2021-01-23 22:31:14,92.4000,6,ask,,
47590,2021-01-23 22:31:14,92.3000,1,bid,,
47591,2021-01-23 22:31:14,92.3000,1,bid,,
47592,2021-01-23 22:31:14,92.3000,1,bid,,
47593,2021-01-23 22:31:14,92.3000,1,bid,,
47594,2021-01-23 22:31:14,92.3000,1,bid,,
47595,2021-01-23 22:31:14,92.3000,1,bid,,
47596,2021-01-23 22:31:14,92.3000,1,bid,,
47597,2021-01-23 22:31:14,92.3000,1,bid,,
47598,2021-01-23 22:31:14,92.3000,1,bid,,
47599,2021-01-23 22:31:14,92.3000,1,bid,,
47600,2021-01-23 22:31:14,92.3000,1,bid,,
47601,2021-01-23 22:31:14,92.3000,1,bid,,
47602,2021-01-23 22:31:14,92.3000,1,bid,,
47603,2021-01-23 22:31:14,92.3000,1,bid,,
47604,2021-01-23 22:31:14,92.3000,1,bid,,
47605,2021-01-23 22:31:14,92.3000,1,bid,,
47606,2021-01-23 22:31:14,92.3000,1,bid,,
47607,2021-01-23 22:31:14,92.3000,1,bid,,
47608,2021-01-23 22:31:14,92.3000,1,bid,,
47609,2021-01-23 22:31:14,92.3000,1,bid,,
47610,2021-01-23 22:31:14,92.3000,1,bid,,
47611,2021-01-23 22:31:14,92.3000,1,bid,,
47612,2021-01-23 22:31:14,92.3000,1,bid,,
47613,2021-01-23 22:31:14,92.3000,1,bid,,
47614,2021-01-23 22:31:14,92.3000,1,bid,,
47615,2021-01-23 22:31:14,92.3000,1,bid,,
47616,2021-01-23 22:31:14,92.3000,1,bid,,
47617,2021-01-23 22:31:14,92.3000,1,bid,,
47618,2021-01-23 22:31:14,92.3000,1,bid,,
47619,2021-01-23 22:31:14,92.3000,1,bid,,
47620,2021-01-23 22:31:14,92.3000,1,bid,,
47621,2021-01-23 22:31:14,92.3000,1,bid,,
47622,2021-01-23 22:31:14,92.3000,1,bid,,
47623,2021-01-23 22:31:14,92.3000,1,bid,,
47624,2021-01-23 22:31:14,92.3000,1,bid,,
47625,2021-01-23 22:31:14,92.3000,1,bid,,
47626,2021-01-23 22:31:14,92.3000,1,bid,,
47627,2021-01-23 22:31:14,92.3000,1,bid,,
47628,2021-01-23 22:31:14,92.3000,1,bid,,
47629,2021-01-23 22:31:14,92.3000,1,bid,,
47630,2021-01-23 22:31:14,92.3000,1,bid,,
47631,2021-01-23 22:31:14,92.3000,1,bid,,
47632,2021-01-23 22:31:14,92.3000,1,bid,,
47633,2021-01-23 22:31:14,92.3000,1,bid,,
47634,2021-01-23 22:31:14,92.3000,1,bid,,
47635,2021-01-23 22:31:14,92.3000,40,bid,,
47636,2021-01-23 22:31:14,92.4000,80,ask,,
47637,2021-01-23 22:31:14,92.4000,2,ask,,
47638,2021-01-23 22:31:14,92.4000,85,ask,,
47639,2021-01-23 22:31:14,92.3000,20,ask,,
47640,2021-01-23 22:31:14,93.0000,2,bid,,
47641,2021-01-23 22:31:15,92.4000,2,bid,,
47642,2021-01-23 22:31:15,92.4000,2,ask,,
47643,2021-01-23 22:31:15,92.4000,2,bid,,
47644,2021-01-23 22:31:15,92.4000,2,ask,,
47645,2021-01-23 22:31:15,92.4000,2,bid,,
47646,2021-01-23 22:31:15,92.4000,2,ask,,
47647,2021-01-23 22:31:15,92.4000,2,bid,,
47648,2021-01-23 22:31:15,92.4000,2,ask,,
47649,2021-01-23 22:31:15,92.4000,17,ask,,
47650,2021-01-23 22:31:16,92.3000,3,ask,,
47651,2021-01-23 22:31:16,92.3000,3,ask,,
47652,2021-01-23 22:31:17,92.3000,60,ask,,
47653,2021-01-23 22:31:17,92.3000,60,ask,,
47654,2021-01-23 22:31:17,92.2000,2,ask,,
47655,2021-01-23 22:31:18,92.2000,2,ask,,
47656,2021-01-23 22:31:19,92.2000,2,ask,,
47657,2021-01-23 22:31:20,92.3000,20,bid,,
47658,2021-01-23 22:31:20,92.3000,40,bid,,
47659,2021-01-23 22:31:20,92.2000,60,ask,,
47660,2021-01-23 22:31:20,92.2000,1,ask,,
47661,2021-01-23 22:31:21,92.2000,1,ask,,
47662,2021-01-23 22:31:22,92.3000,2,ask,,
47663,2021-01-23 22:31:23,92.3000,2,ask,,
47664,2021-01-23 22:31:24,92.3000,2,ask,,
47665,2021-01-23 22:31:25,92.1000,1,ask,,
47666,2021-01-23 22:31:26,92.2000,1,ask,,
47667,2021-01-23 22:31:27,92.2000,1,ask,,
47668,2021-01-23 22:31:28,92.2000,1,ask,,
47669,2021-01-23 22:31:29,92.2000,1,ask,,
47670,2021-01-23 22:31:31,92.2000,1,ask,,
47671,2021-01-23 22:31:31,92.3000,20,ask,,
47672,2021-01-23 22:31:32,92.2000,1,ask,,
47673,2021-01-23 22:31:33,92.1000,1,ask,,
47674,2021-01-23 22:31:35,91.9000,1,ask,,
47675,2021-01-23 22:31:35,92.4000,1,ask,,
47676,2021-01-23 22:31:36,92.1000,1,ask,,
47677,2021-01-23 22:31:37,92.0000,1,ask,,
47678,2021-01-23 22:31:37,92.4000,19,ask,,
47679,2021-01-23 22:31:37,92.4000,40,ask,,
47680,2021-01-23 22:31:37,92.5000,59,bid,,
47681,2021-01-23 22:31:38,92.0000,1,ask,,
47682,2021-01-23 22:31:39,92.1000,1,ask,,
47683,2021-01-23 22:31:40,92.0000,1,ask,,
47684,2021-01-23 22:31:41,92.0000,1,ask,,
47685,2021-01-23 22:31:41,92.3000,22,bid,,
47686,2021-01-23 22:31:41,92.3000,1,ask,,
47687,2021-01-23 22:31:41,92.3000,1,ask,,
47688,2021-01-23 22:31:41,92.3000,20,ask,,
47689,2021-01-23 22:31:42,91.9000,1,ask,,
47690,2021-01-23 22:31:43,91.9000,1,ask,,
47691,2021-01-23 22:31:44,91.9000,1,ask,,
47692,2021-01-23 22:31:45,91.7000,1,ask,,
47693,2021-01-23 22:31:47,92.2000,20,bid,,
47694,2021-01-23 22:31:47,92.2000,20,ask,,
47695,2021-01-23 22:31:49,92.1000,80,bid,,
47696,2021-01-23 22:31:49,92.1000,40,ask,,
47697,2021-01-23 22:31:49,92.1000,40,ask,,
47698,2021-01-23 22:31:51,92.0000,20,ask,,
47699,2021-01-23 22:31:51,91.9000,20,bid,,
47700,2021-01-23 22:31:59,91.8000,20,ask,,
47701,2021-01-23 22:32:05,92.0000,1,ask,,
47702,2021-01-23 22:32:06,92.0000,1,ask,,
47703,2021-01-23 22:32:07,91.7000,1,ask,,
47704,2021-01-23 22:32:11,91.7000,1,ask,,
47705,2021-01-23 22:32:12,92.0000,20,ask,,
47706,2021-01-23 22:32:12,91.7000,1,ask,,
47707,2021-01-23 22:32:13,91.9000,1,ask,,
47708,2021-01-23 22:32:14,91.7000,1,ask,,
47709,2021-01-23 22:32:15,91.7000,1,ask,,
47710,2021-01-23 22:32:17,92.0000,40,bid,,
47711,2021-01-23 22:32:17,92.0000,20,ask,,
47712,2021-01-23 22:32:17,92.0000,20,ask,,
47713,2021-01-23 22:32:19,91.8000,1,bid,,
47714,2021-01-23 22:32:19,91.9000,1,ask,,
47715,2021-01-23 22:32:19,91.8000,79,bid,,
47716,2021-01-23 22:32:19,91.9000,39,ask,,
47717,2021-01-23 22:32:19,91.9000,40,ask,,
47718,2021-01-23 22:32:20,91.8000,20,bid,,
47719,2021-01-23 22:32:20,91.9000,20,ask,,
47720,2021-01-23 22:32:28,91.7000,40,bid,,
47721,2021-01-23 22:32:28,91.7000,40,ask,,
47722,2021-01-23 22:32:32,91.6000,40,ask,,
47723,2021-01-23 22:32:32,91.5000,40,ask,,
47724,2021-01-23 22:32:32,91.5000,20,ask,,
47725,2021-01-23 22:32:32,91.1000,110,ask,,
47726,2021-01-23 22:32:32,91.1000,110,ask,,
47727,2021-01-23 22:32:35,91.6000,1,bid,,
47728,2021-01-23 22:32:35,91.6000,1,bid,,
47729,2021-01-23 22:32:35,91.6000,1,bid,,
47730,2021-01-23 22:32:35,91.6000,1,bid,,
47731,2021-01-23 22:32:35,91.6000,1,bid,,
47732,2021-01-23 22:32:35,91.6000,1,bid,,
47733,2021-01-23 22:32:36,91.6000,1,bid,,
47734,2021-01-23 22:32:36,91.6000,1,bid,,
47735,2021-01-23 22:32:36,91.6000,1,bid,,
47736,2021-01-23 22:32:36,91.6000,1,bid,,
47737,2021-01-23 22:32:36,91.6000,1,bid,,
47738,2021-01-23 22:32:36,91.6000,1,bid,,
47739,2021-01-23 22:32:36,91.6000,1,bid,,
47740,2021-01-23 22:32:36,91.6000,1,bid,,
47741,2021-01-23 22:32:36,91.6000,1,bid,,
47742,2021-01-23 22:32:36,91.6000,1,bid,,
47743,2021-01-23 22:32:36,91.6000,1,bid,,
47744,2021-01-23 22:32:36,91.6000,1,bid,,
47745,2021-01-23 22:32:36,91.6000,1,bid,,
47746,2021-01-23 22:32:36,91.6000,1,bid,,
47747,2021-01-23 22:32:36,91.6000,8,bid,,
47748,2021-01-23 22:32:37,91.5000,1,bid,,
47749,2021-01-23 22:32:37,91.6000,8,bid,,
47750,2021-01-23 22:32:38,91.5000,1,bid,,
47751,2021-01-23 22:32:38,91.6000,4,bid,,
47752,2021-01-23 22:32:39,91.5000,1,bid,,
47753,2021-01-23 22:32:40,91.6000,8,bid,,
47754,2021-01-23 22:32:40,91.4000,80,bid,,
47755,2021-01-23 22:32:40,91.4000,40,ask,,
47756,2021-01-23 22:32:40,91.4000,40,ask,,
47757,2021-01-23 22:32:40,91.4000,8,bid,,
47758,2021-01-23 22:32:41,91.4000,2,bid,,
47759,2021-01-23 22:32:41,91.4000,2,bid,,
47760,2021-01-23 22:32:41,91.4000,2,bid,,
47761,2021-01-23 22:32:41,91.4000,2,bid,,
47762,2021-01-23 22:32:41,91.4000,2,bid,,
47763,2021-01-23 22:32:41,91.4000,1,bid,,
47764,2021-01-23 22:32:41,91.4000,1,bid,,
47765,2021-01-23 22:32:41,91.4000,1,bid,,
47766,2021-01-23 22:32:41,91.4000,1,bid,,
47767,2021-01-23 22:32:41,91.4000,1,bid,,
47768,2021-01-23 22:32:41,91.4000,1,bid,,
47769,2021-01-23 22:32:41,91.2000,1,bid,,
47770,2021-01-23 22:32:41,91.3000,5,ask,,
47771,2021-01-23 22:32:41,91.2000,5,bid,,
47772,2021-01-23 22:32:41,91.2000,2,bid,,
47773,2021-01-23 22:32:41,91.2000,2,bid,,
47774,2021-01-23 22:32:41,91.2000,1,bid,,
47775,2021-01-23 22:32:41,91.3000,5,ask,,
47776,2021-01-23 22:32:41,91.2000,3,bid,,
47777,2021-01-23 22:32:41,91.2000,5,bid,,
47778,2021-01-23 22:32:41,91.3000,1,ask,,
47779,2021-01-23 22:32:41,91.2000,3,bid,,
47780,2021-01-23 22:32:41,91.2000,3,bid,,
47781,2021-01-23 22:32:41,91.3000,5,ask,,
47782,2021-01-23 22:32:41,91.2000,5,bid,,
47783,2021-01-23 22:32:42,91.2000,2,bid,,
47784,2021-01-23 22:32:42,91.2000,2,bid,,
47785,2021-01-23 22:32:42,91.3000,4,ask,,
47786,2021-01-23 22:32:42,91.2000,3,bid,,
47787,2021-01-23 22:32:42,91.2000,5,bid,,
47788,2021-01-23 22:32:42,91.2000,2,bid,,
47789,2021-01-23 22:32:42,90.6000,1,ask,,
47790,2021-01-23 22:32:42,91.2000,2,bid,,
47791,2021-01-23 22:32:42,91.2000,2,bid,,
47792,2021-01-23 22:32:42,91.2000,2,bid,,
47793,2021-01-23 22:32:42,91.2000,2,bid,,
47794,2021-01-23 22:32:42,91.2000,2,bid,,
47795,2021-01-23 22:32:42,91.2000,1,bid,,
47796,2021-01-23 22:32:42,91.2000,1,bid,,
47797,2021-01-23 22:32:42,91.2000,1,bid,,
47798,2021-01-23 22:32:42,91.2000,1,bid,,
47799,2021-01-23 22:32:42,91.2000,1,bid,,
47800,2021-01-23 22:32:42,91.2000,1,bid,,
47801,2021-01-23 22:32:42,91.6000,6,bid,,
47802,2021-01-23 22:32:43,91.5000,6,bid,,
47803,2021-01-23 22:32:43,91.5000,1,bid,,
47804,2021-01-23 22:32:43,91.6000,6,bid,,
47805,2021-01-23 22:32:44,91.5000,6,bid,,
47806,2021-01-23 22:32:44,91.4000,1,bid,,
47807,2021-01-23 22:32:45,91.4000,8,bid,,
47808,2021-01-23 22:32:46,91.4000,1,bid,,
47809,2021-01-23 22:32:46,91.4000,8,bid,,
47810,2021-01-23 22:32:47,91.4000,1,bid,,
47811,2021-01-23 22:32:47,91.4000,4,bid,,
47812,2021-01-23 22:32:48,91.5000,1,bid,,
47813,2021-01-23 22:32:48,91.6000,6,bid,,
47814,2021-01-23 22:32:49,91.6000,6,bid,,
47815,2021-01-23 22:32:50,91.6000,6,bid,,
47816,2021-01-23 22:32:51,91.5000,1,bid,,
47817,2021-01-23 22:32:51,91.6000,6,bid,,
47818,2021-01-23 22:32:52,91.6000,6,bid,,
47819,2021-01-23 22:32:53,91.5000,7,bid,,
47820,2021-01-23 22:32:54,91.6000,1,bid,,
47821,2021-01-23 22:32:54,91.5000,7,bid,,
47822,2021-01-23 22:32:55,91.5000,6,bid,,
47823,2021-01-23 22:32:56,91.6000,1,bid,,
47824,2021-01-23 22:32:56,91.6000,1,bid,,
47825,2021-01-23 22:32:56,91.6000,1,bid,,
47826,2021-01-23 22:32:56,91.6000,1,bid,,
47827,2021-01-23 22:32:56,91.6000,1,bid,,
47828,2021-01-23 22:32:56,91.6000,1,bid,,
47829,2021-01-23 22:32:56,91.6000,1,bid,,
47830,2021-01-23 22:32:57,91.6000,1,bid,,
47831,2021-01-23 22:32:57,91.6000,1,bid,,
47832,2021-01-23 22:32:57,91.6000,1,bid,,
47833,2021-01-23 22:32:57,91.6000,1,bid,,
47834,2021-01-23 22:32:57,91.6000,1,bid,,
47835,2021-01-23 22:32:57,91.6000,1,bid,,
47836,2021-01-23 22:32:57,91.6000,1,bid,,
47837,2021-01-23 22:32:57,91.6000,1,bid,,
47838,2021-01-23 22:32:57,91.6000,1,bid,,
47839,2021-01-23 22:32:57,91.6000,1,bid,,
47840,2021-01-23 22:32:57,91.6000,1,bid,,
47841,2021-01-23 22:32:57,91.6000,1,bid,,
47842,2021-01-23 22:32:57,91.6000,1,bid,,
47843,2021-01-23 22:32:57,91.6000,1,bid,,
47844,2021-01-23 22:32:57,91.6000,1,bid,,
47845,2021-01-23 22:32:57,91.6000,1,bid,,
47846,2021-01-23 22:32:57,91.6000,1,bid,,
47847,2021-01-23 22:32:58,91.6000,1,bid,,
47848,2021-01-23 22:32:58,91.6000,1,bid,,
47849,2021-01-23 22:32:58,91.6000,1,bid,,
47850,2021-01-23 22:32:58,91.6000,1,ask,,
47851,2021-01-23 22:32:58,91.6000,1,bid,,
47852,2021-01-23 22:32:58,91.6000,1,bid,,
47853,2021-01-23 22:32:58,91.6000,1,bid,,
47854,2021-01-23 22:32:58,91.6000,1,bid,,
47855,2021-01-23 22:32:58,91.6000,1,bid,,
47856,2021-01-23 22:32:58,91.6000,1,bid,,
47857,2021-01-23 22:32:58,91.6000,1,bid,,
47858,2021-01-23 22:32:58,91.6000,1,bid,,
47859,2021-01-23 22:32:58,91.6000,1,bid,,
47860,2021-01-23 22:32:58,91.6000,1,bid,,
47861,2021-01-23 22:33:00,91.8000,40,bid,,
47862,2021-01-23 22:33:13,91.6000,20,ask,,
47863,2021-01-23 22:33:14,91.7000,40,bid,,
47864,2021-01-23 22:33:14,91.8000,22,ask,,
47865,2021-01-23 22:33:14,91.8000,40,ask,,
47866,2021-01-23 22:33:15,91.8000,10,ask,,
47867,2021-01-23 22:33:16,91.8000,40,ask,,
47868,2021-01-23 22:33:16,91.8000,70,ask,,
47869,2021-01-23 22:33:16,91.8000,10,ask,,
47870,2021-01-23 22:33:16,91.8000,70,ask,,
47871,2021-01-23 22:33:17,91.7000,7,ask,,
47872,2021-01-23 22:33:18,91.7000,7,ask,,
47873,2021-01-23 22:33:19,91.7000,7,ask,,
47874,2021-01-23 22:33:21,91.8000,20,ask,,
47875,2021-01-23 22:33:28,91.8000,20,ask,,
47876,2021-01-23 22:33:28,92.2000,20,bid,,
47877,2021-01-23 22:33:34,91.8000,20,bid,,
47878,2021-01-23 22:33:38,91.7000,6,ask,,
47879,2021-01-23 22:33:38,92.3000,120,bid,,
47880,2021-01-23 22:33:39,91.7000,3,ask,,
47881,2021-01-23 22:33:52,91.7000,3,ask,,
47882,2021-01-23 22:33:53,91.7000,3,ask,,
47883,2021-01-23 22:33:54,91.8000,4,ask,,
47884,2021-01-23 22:33:55,91.9000,5,ask,,
47885,2021-01-23 22:33:56,91.9000,5,ask,,
47886,2021-01-23 22:33:57,92.0000,7,ask,,
47887,2021-01-23 22:33:58,92.0000,40,ask,,
47888,2021-01-23 22:33:58,91.8000,4,ask,,
47889,2021-01-23 22:33:59,91.8000,4,ask,,
47890,2021-01-23 22:34:00,91.9000,5,ask,,
47891,2021-01-23 22:34:00,92.1000,20,ask,,
47892,2021-01-23 22:34:00,92.5000,20,bid,,
47893,2021-01-23 22:34:01,91.9000,4,ask,,
47894,2021-01-23 22:34:02,91.9000,4,ask,,
47895,2021-01-23 22:34:03,91.8000,3,ask,,
47896,2021-01-23 22:34:04,91.8000,3,ask,,
47897,2021-01-23 22:34:05,91.8000,3,ask,,
47898,2021-01-23 22:34:06,91.7000,1,ask,,
47899,2021-01-23 22:34:06,92.0000,20,bid,,
47900,2021-01-23 22:34:08,91.7000,1,ask,,
47901,2021-01-23 22:34:09,91.7000,1,ask,,
47902,2021-01-23 22:34:10,91.8000,3,ask,,
47903,2021-01-23 22:34:11,91.8000,3,ask,,
47904,2021-01-23 22:34:12,91.8000,3,ask,,
47905,2021-01-23 22:34:13,91.9000,40,ask,,
47906,2021-01-23 22:34:13,91.9000,40,bid,,
47907,2021-01-23 22:34:13,91.9000,4,ask,,
47908,2021-01-23 22:34:14,91.9000,80,ask,,
47909,2021-01-23 22:34:14,91.9000,80,bid,,
47910,2021-01-23 22:34:14,91.9000,4,ask,,
47911,2021-01-23 22:34:14,91.9000,80,ask,,
47912,2021-01-23 22:34:15,91.9000,80,bid,,
47913,2021-01-23 22:34:15,92.6000,160,bid,,
47914,2021-01-23 22:34:15,91.9000,3,ask,,
47915,2021-01-23 22:34:16,91.9000,1,bid,,
47916,2021-01-23 22:34:16,92.0000,1,ask,,
47917,2021-01-23 22:34:16,91.9000,39,bid,,
47918,2021-01-23 22:34:16,92.0000,39,ask,,
47919,2021-01-23 22:34:16,92.0000,30,ask,,
47920,2021-01-23 22:34:16,92.0000,3,ask,,
47921,2021-01-23 22:34:17,92.0000,20,bid,,
47922,2021-01-23 22:34:17,92.0000,40,bid,,
47923,2021-01-23 22:34:17,92.1000,60,ask,,
47924,2021-01-23 22:34:17,92.0000,100,bid,,
47925,2021-01-23 22:34:17,92.0000,1,bid,,
47926,2021-01-23 22:34:17,92.1000,80,ask,,
47927,2021-01-23 22:34:17,92.1000,1,ask,,
47928,2021-01-23 22:34:17,92.0000,100,bid,,
47929,2021-01-23 22:34:17,92.1000,59,ask,,
47930,2021-01-23 22:34:18,92.7000,200,bid,,
47931,2021-01-23 22:34:19,91.9000,141,ask,,
47932,2021-01-23 22:34:19,92.5000,1,bid,,
47933,2021-01-23 22:34:19,91.9000,1,ask,,
47934,2021-01-23 22:34:21,91.9000,1,ask,,
47935,2021-01-23 22:34:22,91.9000,1,ask,,
47936,2021-01-23 22:34:22,92.0000,40,bid,,
47937,2021-01-23 22:34:22,92.1000,40,ask,,
47938,2021-01-23 22:34:23,92.1000,10,bid,,
47939,2021-01-23 22:34:23,92.1000,3,ask,,
47940,2021-01-23 22:34:24,91.8000,1,ask,,
47941,2021-01-23 22:34:25,91.8000,1,ask,,
47942,2021-01-23 22:34:26,91.9000,1,ask,,
47943,2021-01-23 22:34:43,92.0000,20,bid,,
47944,2021-01-23 22:34:51,91.8000,20,bid,,
47945,2021-01-23 22:34:58,91.6000,1,ask,,
47946,2021-01-23 22:34:59,91.6000,1,ask,,
47947,2021-01-23 22:34:59,91.6000,1,ask,,
47948,2021-01-23 22:34:59,91.6000,1,ask,,
47949,2021-01-23 22:35:00,91.6000,1,ask,,
47950,2021-01-23 22:35:00,91.6000,1,ask,,
47951,2021-01-23 22:35:00,91.6000,1,ask,,
47952,2021-01-23 22:35:00,91.6000,1,ask,,
47953,2021-01-23 22:35:01,91.6000,1,ask,,
47954,2021-01-23 22:35:01,91.6000,1,ask,,
47955,2021-01-23 22:35:01,91.6000,1,ask,,
47956,2021-01-23 22:35:02,91.7000,40,bid,,
47957,2021-01-23 22:35:02,91.0000,40,ask,,
47958,2021-01-23 22:35:02,91.8000,100,ask,,
47959,2021-01-23 22:35:02,91.8000,40,ask,,
47960,2021-01-23 22:35:02,91.7000,1,bid,,
47961,2021-01-23 22:35:02,91.8000,1,ask,,
47962,2021-01-23 22:35:02,91.8000,20,ask,,
47963,2021-01-23 22:35:02,91.7000,100,bid,,
47964,2021-01-23 22:35:02,91.7000,20,bid,,
47965,2021-01-23 22:35:03,91.0000,160,ask,,
47966,2021-01-23 22:35:04,91.0000,1,ask,,
47967,2021-01-23 22:35:05,91.6000,1,bid,,
47968,2021-01-23 22:35:05,91.6000,40,bid,,
47969,2021-01-23 22:35:05,91.6000,40,ask,,
47970,2021-01-23 22:35:05,91.6000,1,bid,,
47971,2021-01-23 22:35:05,91.6000,1,bid,,
47972,2021-01-23 22:35:05,91.6000,1,bid,,
47973,2021-01-23 22:35:06,91.6000,1,bid,,
47974,2021-01-23 22:35:06,91.6000,1,bid,,
47975,2021-01-23 22:35:06,91.6000,1,bid,,
47976,2021-01-23 22:35:06,91.6000,1,bid,,
47977,2021-01-23 22:35:06,91.6000,1,bid,,
47978,2021-01-23 22:35:06,91.6000,1,bid,,
47979,2021-01-23 22:35:06,91.6000,1,bid,,
47980,2021-01-23 22:35:06,91.6000,1,bid,,
47981,2021-01-23 22:35:06,91.6000,1,bid,,
47982,2021-01-23 22:35:06,91.6000,1,bid,,
47983,2021-01-23 22:35:06,91.6000,1,bid,,
47984,2021-01-23 22:35:06,91.6000,1,bid,,
47985,2021-01-23 22:35:06,91.6000,1,bid,,
47986,2021-01-23 22:35:06,91.6000,1,bid,,
47987,2021-01-23 22:35:06,91.6000,1,bid,,
47988,2021-01-23 22:35:06,91.6000,1,bid,,
47989,2021-01-23 22:35:06,91.6000,1,bid,,
47990,2021-01-23 22:35:06,91.6000,1,bid,,
47991,2021-01-23 22:35:06,91.6000,1,bid,,
47992,2021-01-23 22:35:06,91.6000,1,bid,,
47993,2021-01-23 22:35:07,91.6000,1,bid,,
47994,2021-01-23 22:35:07,91.6000,1,bid,,
47995,2021-01-23 22:35:07,91.6000,1,bid,,
47996,2021-01-23 22:35:07,91.6000,1,bid,,
47997,2021-01-23 22:35:07,91.6000,1,ask,,
47998,2021-01-23 22:35:07,91.4000,2,bid,,
47999,2021-01-23 22:35:07,91.4000,2,bid,,
48000,2021-01-23 22:35:07,91.4000,40,bid,,
48001,2021-01-23 22:35:07,91.4000,1,bid,,
48002,2021-01-23 22:35:07,91.4000,2,bid,,
48003,2021-01-23 22:35:07,91.6000,1,ask,,
48004,2021-01-23 22:35:07,91.6000,39,ask,,
48005,2021-01-23 22:35:07,91.4000,2,bid,,
48006,2021-01-23 22:35:07,91.4000,2,bid,,
48007,2021-01-23 22:35:07,91.4000,60,bid,,
48008,2021-01-23 22:35:07,91.4000,2,bid,,
48009,2021-01-23 22:35:07,91.5000,40,ask,,
48010,2021-01-23 22:35:07,91.5000,20,ask,,
48011,2021-01-23 22:35:07,91.4000,2,bid,,
48012,2021-01-23 22:35:07,91.4000,2,bid,,
48013,2021-01-23 22:35:07,91.4000,2,bid,,
48014,2021-01-23 22:35:07,91.4000,2,bid,,
48015,2021-01-23 22:35:07,91.4000,2,bid,,
48016,2021-01-23 22:35:07,91.4000,2,bid,,
48017,2021-01-23 22:35:08,91.4000,2,bid,,
48018,2021-01-23 22:35:08,91.4000,2,bid,,
48019,2021-01-23 22:35:08,91.6000,3,bid,,
48020,2021-01-23 22:35:09,91.5000,1,bid,,
48021,2021-01-23 22:35:09,91.6000,3,bid,,
48022,2021-01-23 22:35:10,91.5000,1,bid,,
48023,2021-01-23 22:35:10,91.6000,3,bid,,
48024,2021-01-23 22:35:11,91.4000,2,bid,,
48025,2021-01-23 22:35:11,91.6000,3,bid,,
48026,2021-01-23 22:35:11,91.3000,60,bid,,
48027,2021-01-23 22:35:11,91.3000,40,ask,,
48028,2021-01-23 22:35:11,91.3000,20,ask,,
48029,2021-01-23 22:35:12,91.3000,3,bid,,
48030,2021-01-23 22:35:12,91.5000,5,bid,,
48031,2021-01-23 22:35:12,90.6000,5,ask,,
48032,2021-01-23 22:35:12,91.5000,4,bid,,
48033,2021-01-23 22:35:13,91.6000,1,bid,,
48034,2021-01-23 22:35:13,91.5000,5,bid,,
48035,2021-01-23 22:35:14,91.6000,1,bid,,
48036,2021-01-23 22:35:14,91.5000,5,bid,,
48037,2021-01-23 22:35:15,91.5000,5,bid,,
48038,2021-01-23 22:35:16,91.6000,2,bid,,
48039,2021-01-23 22:35:17,91.6000,2,bid,,
48040,2021-01-23 22:35:18,91.6000,2,bid,,
48041,2021-01-23 22:35:19,91.6000,2,bid,,
48042,2021-01-23 22:35:20,91.6000,2,bid,,
48043,2021-01-23 22:35:21,91.6000,1,bid,,
48044,2021-01-23 22:35:22,91.6000,1,bid,,
48045,2021-01-23 22:35:23,91.6000,1,bid,,
48046,2021-01-23 22:35:28,91.7000,20,ask,,
48047,2021-01-23 22:35:28,91.7000,25,bid,,
48048,2021-01-23 22:35:28,91.7000,15,bid,,
48049,2021-01-23 22:35:34,91.7000,10,bid,,
48050,2021-01-23 22:35:34,91.7000,10,ask,,
48051,2021-01-23 22:35:34,91.7000,1,ask,,
48052,2021-01-23 22:35:35,91.7000,1,ask,,
48053,2021-01-23 22:35:36,91.8000,1,ask,,
48054,2021-01-23 22:35:36,91.8000,20,ask,,
48055,2021-01-23 22:35:37,91.8000,1,ask,,
48056,2021-01-23 22:35:38,91.8000,1,ask,,
48057,2021-01-23 22:35:38,92.0000,40,bid,,
48058,2021-01-23 22:35:38,92.1000,40,ask,,
48059,2021-01-23 22:35:39,92.1000,4,ask,,
48060,2021-01-23 22:35:40,92.2000,5,ask,,
48061,2021-01-23 22:35:40,92.2000,20,ask,,
48062,2021-01-23 22:35:40,92.2000,20,ask,,
48063,2021-01-23 22:35:40,92.2000,20,bid,,
48064,2021-01-23 22:35:40,92.2000,20,ask,,
48065,2021-01-23 22:35:41,92.2000,5,ask,,
48066,2021-01-23 22:35:42,92.3000,6,ask,,
48067,2021-01-23 22:35:43,92.2000,5,ask,,
48068,2021-01-23 22:35:44,92.2000,5,ask,,
48069,2021-01-23 22:35:44,92.4000,20,ask,,
48070,2021-01-23 22:35:45,92.4000,7,ask,,
48071,2021-01-23 22:35:46,92.5000,40,bid,,
48072,2021-01-23 22:35:46,92.5000,40,ask,,
48073,2021-01-23 22:35:46,92.5000,8,ask,,
48074,2021-01-23 22:35:47,92.5000,8,ask,,
48075,2021-01-23 22:35:48,92.7000,11,ask,,
48076,2021-01-23 22:35:48,92.7000,20,ask,,
48077,2021-01-23 22:35:49,92.8000,11,ask,,
48078,2021-01-23 22:35:50,92.8000,11,ask,,
48079,2021-01-23 22:35:51,92.7000,9,ask,,
48080,2021-01-23 22:35:52,92.8000,10,ask,,
48081,2021-01-23 22:35:54,92.7000,9,ask,,
48082,2021-01-23 22:35:55,92.6000,8,ask,,
48083,2021-01-23 22:35:56,92.6000,8,ask,,
48084,2021-01-23 22:35:57,92.6000,8,ask,,
48085,2021-01-23 22:35:58,92.5000,7,ask,,
48086,2021-01-23 22:35:59,92.6000,8,ask,,
48087,2021-01-23 22:36:00,92.6000,8,ask,,
48088,2021-01-23 22:36:01,92.5000,7,ask,,
48089,2021-01-23 22:36:02,92.7000,9,ask,,
48090,2021-01-23 22:36:04,92.7000,9,ask,,
48091,2021-01-23 22:36:05,92.7000,8,ask,,
48092,2021-01-23 22:36:05,93.0000,20,bid,,
48093,2021-01-23 22:36:06,92.2000,3,ask,,
48094,2021-01-23 22:36:07,92.2000,3,ask,,
48095,2021-01-23 22:36:08,92.3000,4,ask,,
48096,2021-01-23 22:36:09,92.6000,7,ask,,
48097,2021-01-23 22:36:10,92.6000,7,ask,,
48098,2021-01-23 22:36:11,92.6000,7,ask,,
48099,2021-01-23 22:36:12,92.6000,7,ask,,
48100,2021-01-23 22:36:14,92.7000,8,ask,,
48101,2021-01-23 22:36:15,92.7000,8,ask,,
48102,2021-01-23 22:36:16,92.8000,8,ask,,
48103,2021-01-23 22:36:17,92.8000,10,ask,,
48104,2021-01-23 22:36:17,92.9000,20,bid,,
48105,2021-01-23 22:36:17,92.9000,20,bid,,
48106,2021-01-23 22:36:17,93.1000,20,ask,,
48107,2021-01-23 22:36:18,93.1000,13,ask,,
48108,2021-01-23 22:36:19,93.2000,40,bid,,
48109,2021-01-23 22:36:19,93.2000,40,ask,,
48110,2021-01-23 22:36:19,93.2000,10,ask,,
48111,2021-01-23 22:36:20,93.2000,10,ask,,
48112,2021-01-23 22:36:21,92.9000,7,ask,,
48113,2021-01-23 22:36:21,93.2000,20,ask,,
48114,2021-01-23 22:36:22,92.9000,7,ask,,
48115,2021-01-23 22:36:23,92.9000,7,ask,,
48116,2021-01-23 22:36:24,92.8000,6,ask,,
48117,2021-01-23 22:36:25,93.0000,8,ask,,
48118,2021-01-23 22:36:26,93.0000,8,ask,,
48119,2021-01-23 22:36:27,93.0000,8,ask,,
48120,2021-01-23 22:36:34,93.2000,20,ask,,
48121,2021-01-23 22:36:34,93.2000,180,ask,,
48122,2021-01-23 22:36:34,93.2000,21,ask,,
48123,2021-01-23 22:36:34,93.0000,200,bid,,
48124,2021-01-23 22:36:34,92.4000,200,ask,,
48125,2021-01-23 22:36:35,93.1000,201,ask,,
48126,2021-01-23 22:36:35,93.1000,40,ask,,
48127,2021-01-23 22:36:35,93.0000,40,bid,,
48128,2021-01-23 22:36:35,93.0000,21,bid,,
48129,2021-01-23 22:36:36,92.3000,1,ask,,
48130,2021-01-23 22:36:37,92.9000,20,ask,,
48131,2021-01-23 22:36:37,92.9000,40,ask,,
48132,2021-01-23 22:36:37,92.8000,40,ask,,
48133,2021-01-23 22:36:37,92.8000,60,bid,,
48134,2021-01-23 22:36:37,92.8000,80,bid,,
48135,2021-01-23 22:36:37,92.8000,80,ask,,
48136,2021-01-23 22:36:37,92.1000,80,ask,,
48137,2021-01-23 22:36:38,92.8000,4,ask,,
48138,2021-01-23 22:36:38,92.8000,16,ask,,
48139,2021-01-23 22:36:38,92.8000,40,ask,,
48140,2021-01-23 22:36:38,92.6000,4,bid,,
48141,2021-01-23 22:36:38,92.6000,56,bid,,
48142,2021-01-23 22:36:41,92.6000,10,ask,,
48143,2021-01-23 22:36:44,92.5000,40,ask,,
48144,2021-01-23 22:36:44,92.5000,40,ask,,
48145,2021-01-23 22:36:44,92.4000,80,bid,,
48146,2021-01-23 22:36:50,92.4000,30,bid,,
48147,2021-01-23 22:36:50,92.3000,40,ask,,
48148,2021-01-23 22:36:50,92.3000,20,ask,,
48149,2021-01-23 22:36:50,92.1000,60,bid,,
48150,2021-01-23 22:36:50,92.1000,60,bid,,
48151,2021-01-23 22:36:54,92.1000,20,bid,,
48152,2021-01-23 22:36:54,92.1000,20,bid,,
48153,2021-01-23 22:36:54,92.2000,20,bid,,
48154,2021-01-23 22:36:55,91.9000,20,bid,,
48155,2021-01-23 22:36:58,91.7000,1,bid,,
48156,2021-01-23 22:36:58,91.6000,5,bid,,
48157,2021-01-23 22:36:58,91.6000,20,bid,,
48158,2021-01-23 22:36:58,91.6000,40,bid,,
48159,2021-01-23 22:36:58,91.7000,65,bid,,
48160,2021-01-23 22:36:59,91.7000,1,bid,,
48161,2021-01-23 22:36:59,91.6000,5,bid,,
48162,2021-01-23 22:37:00,91.5000,2,bid,,
48163,2021-01-23 22:37:00,91.5000,7,bid,,
48164,2021-01-23 22:37:01,91.2000,80,ask,,
48165,2021-01-23 22:37:01,91.2000,200,bid,,
48166,2021-01-23 22:37:01,91.2000,120,ask,,
48167,2021-01-23 22:37:01,91.2000,1,bid,,
48168,2021-01-23 22:37:01,91.5000,2,ask,,
48169,2021-01-23 22:37:01,91.5000,6,bid,,
48170,2021-01-23 22:37:01,91.5000,2,bid,,
48171,2021-01-23 22:37:01,91.5000,25,bid,,
48172,2021-01-23 22:37:01,92.1000,40,ask,,
48173,2021-01-23 22:37:01,91.8000,176,bid,,
48174,2021-01-23 22:37:02,91.5000,2,ask,,
48175,2021-01-23 22:37:02,91.5000,2,ask,,
48176,2021-01-23 22:37:02,91.5000,2,ask,,
48177,2021-01-23 22:37:02,91.5000,2,ask,,
48178,2021-01-23 22:37:03,91.2000,70,ask,,
48179,2021-01-23 22:37:03,91.2000,40,ask,,
48180,2021-01-23 22:37:04,91.8000,40,ask,,
48181,2021-01-23 22:37:04,91.7000,1,bid,,
48182,2021-01-23 22:37:04,91.7000,40,bid,,
48183,2021-01-23 22:37:04,91.8000,40,ask,,
48184,2021-01-23 22:37:04,91.7000,1,bid,,
48185,2021-01-23 22:37:04,91.7000,40,bid,,
48187,2021-01-23 22:37:04,91.7000,40,bid,,
48188,2021-01-23 22:37:04,91.1000,40,ask,,
48189,2021-01-23 22:37:04,91.7000,1,bid,,
48190,2021-01-23 22:37:04,91.7000,1,bid,,
48191,2021-01-23 22:37:04,91.7000,1,bid,,
48192,2021-01-23 22:37:04,91.7000,1,bid,,
48193,2021-01-23 22:37:04,91.7000,1,bid,,
48194,2021-01-23 22:37:04,91.7000,1,bid,,
48195,2021-01-23 22:37:04,91.7000,1,bid,,
48196,2021-01-23 22:37:04,91.7000,1,bid,,
48197,2021-01-23 22:37:04,91.7000,1,bid,,
48198,2021-01-23 22:37:05,91.7000,1,bid,,
48199,2021-01-23 22:37:05,91.7000,1,bid,,
48200,2021-01-23 22:37:05,91.7000,1,bid,,
48201,2021-01-23 22:37:05,91.7000,1,bid,,
48202,2021-01-23 22:37:05,91.7000,1,bid,,
48203,2021-01-23 22:37:05,91.7000,1,bid,,
48204,2021-01-23 22:37:05,91.7000,1,bid,,
48205,2021-01-23 22:37:05,91.7000,1,bid,,
48206,2021-01-23 22:37:05,91.7000,1,bid,,
48207,2021-01-23 22:37:05,91.7000,1,bid,,
48208,2021-01-23 22:37:05,91.7000,1,bid,,
48209,2021-01-23 22:37:05,91.7000,1,bid,,
48210,2021-01-23 22:37:05,91.7000,1,bid,,
48211,2021-01-23 22:37:05,91.7000,1,bid,,
48212,2021-01-23 22:37:11,91.8000,40,ask,,
48213,2021-01-23 22:37:11,91.8000,20,bid,,
48214,2021-01-23 22:37:11,91.8000,20,ask,,
48215,2021-01-23 22:37:13,91.3000,30,ask,,
48216,2021-01-23 22:37:13,91.7000,1,ask,,
48217,2021-01-23 22:37:14,91.3000,29,ask,,
48218,2021-01-23 22:37:19,91.6000,1,bid,,
48219,2021-01-23 22:37:19,91.6000,20,ask,,
48220,2021-01-23 22:37:19,91.6000,1,bid,,
48221,2021-01-23 22:37:19,91.6000,1,bid,,
48222,2021-01-23 22:37:20,91.6000,1,bid,,
48223,2021-01-23 22:37:20,91.6000,1,bid,,
48224,2021-01-23 22:37:20,91.6000,1,bid,,
48225,2021-01-23 22:37:20,91.6000,1,bid,,
48226,2021-01-23 22:37:20,91.6000,1,bid,,
48227,2021-01-23 22:37:20,91.5000,1,bid,,
48228,2021-01-23 22:37:20,91.5000,2,bid,,
48229,2021-01-23 22:37:21,91.5000,2,bid,,
48230,2021-01-23 22:37:21,91.5000,2,bid,,
48231,2021-01-23 22:37:21,91.5000,2,bid,,
48232,2021-01-23 22:37:21,91.5000,2,bid,,
48233,2021-01-23 22:37:21,91.5000,2,bid,,
48234,2021-01-23 22:37:21,91.5000,3,bid,,
48235,2021-01-23 22:37:21,91.5000,3,bid,,
48236,2021-01-23 22:37:21,91.5000,3,bid,,
48237,2021-01-23 22:37:21,91.5000,3,bid,,
48238,2021-01-23 22:37:21,91.5000,3,bid,,
48239,2021-01-23 22:37:21,91.5000,3,bid,,
48240,2021-01-23 22:37:21,91.5000,3,bid,,
48241,2021-01-23 22:37:21,91.5000,3,bid,,
48242,2021-01-23 22:37:21,91.5000,3,bid,,
48243,2021-01-23 22:37:21,91.5000,3,bid,,
48244,2021-01-23 22:37:21,91.5000,3,bid,,
48245,2021-01-23 22:37:21,91.5000,3,bid,,
48246,2021-01-23 22:37:22,91.5000,3,bid,,
48247,2021-01-23 22:37:22,91.5000,3,bid,,
48248,2021-01-23 22:37:22,91.5000,3,bid,,
48249,2021-01-23 22:37:22,91.5000,2,bid,,
48250,2021-01-23 22:37:22,91.5000,2,bid,,
48251,2021-01-23 22:37:22,91.5000,2,ask,,
48252,2021-01-23 22:37:22,91.5000,2,ask,,
48253,2021-01-23 22:37:22,91.4000,4,bid,,
48254,2021-01-23 22:37:22,91.5000,40,ask,,
48255,2021-01-23 22:37:22,91.4000,4,bid,,
48256,2021-01-23 22:37:22,91.4000,40,bid,,
48257,2021-01-23 22:37:22,91.4000,4,bid,,
48258,2021-01-23 22:37:22,91.4000,4,bid,,
48259,2021-01-23 22:37:22,91.4000,80,bid,,
48260,2021-01-23 22:37:22,91.4000,40,ask,,
48261,2021-01-23 22:37:22,91.4000,40,ask,,
48262,2021-01-23 22:37:22,91.4000,4,bid,,
48263,2021-01-23 22:37:22,91.4000,3,bid,,
48264,2021-01-23 22:37:22,91.4000,3,bid,,
48265,2021-01-23 22:37:22,91.4000,3,bid,,
48266,2021-01-23 22:37:22,91.4000,3,bid,,
48267,2021-01-23 22:37:22,91.4000,3,bid,,
48268,2021-01-23 22:37:22,91.4000,3,bid,,
48269,2021-01-23 22:37:22,91.6000,20,ask,,
48270,2021-01-23 22:37:22,91.4000,2,bid,,
48271,2021-01-23 22:37:23,91.4000,20,bid,,
48272,2021-01-23 22:37:23,90.8000,40,ask,,
48273,2021-01-23 22:37:23,91.4000,1,bid,,
48274,2021-01-23 22:37:23,91.4000,1,bid,,
48275,2021-01-23 22:37:23,91.4000,1,bid,,
48276,2021-01-23 22:37:23,91.4000,1,bid,,
48277,2021-01-23 22:37:23,91.4000,1,bid,,
48278,2021-01-23 22:37:23,91.4000,1,bid,,
48279,2021-01-23 22:37:23,91.4000,1,bid,,
48280,2021-01-23 22:37:23,91.4000,1,bid,,
48281,2021-01-23 22:37:23,91.4000,1,bid,,
48282,2021-01-23 22:37:23,91.4000,1,bid,,
48283,2021-01-23 22:37:23,91.4000,1,bid,,
48284,2021-01-23 22:37:23,91.4000,1,bid,,
48285,2021-01-23 22:37:23,91.4000,1,bid,,
48286,2021-01-23 22:37:23,91.4000,1,bid,,
48287,2021-01-23 22:37:23,91.4000,1,bid,,
48288,2021-01-23 22:37:23,91.3000,1,bid,,
48289,2021-01-23 22:37:23,91.3000,1,bid,,
48290,2021-01-23 22:37:23,91.3000,1,bid,,
48291,2021-01-23 22:37:24,91.3000,1,bid,,
48292,2021-01-23 22:37:24,91.3000,1,bid,,
48293,2021-01-23 22:37:24,91.3000,1,bid,,
48294,2021-01-23 22:37:24,91.3000,1,bid,,
48295,2021-01-23 22:37:24,91.3000,1,bid,,
48296,2021-01-23 22:37:24,91.3000,1,bid,,
48297,2021-01-23 22:37:24,91.3000,1,bid,,
48298,2021-01-23 22:37:24,91.3000,1,bid,,
48299,2021-01-23 22:37:24,91.3000,1,bid,,
48300,2021-01-23 22:37:24,91.3000,1,bid,,
48301,2021-01-23 22:37:24,91.3000,1,bid,,
48302,2021-01-23 22:37:24,91.3000,1,bid,,
48303,2021-01-23 22:37:24,91.3000,1,bid,,
48304,2021-01-23 22:37:24,91.3000,1,bid,,
48305,2021-01-23 22:37:24,91.3000,1,bid,,
48306,2021-01-23 22:37:24,91.3000,1,bid,,
48307,2021-01-23 22:37:24,91.3000,1,bid,,
48308,2021-01-23 22:37:24,91.3000,1,bid,,
48309,2021-01-23 22:37:25,91.3000,1,bid,,
48310,2021-01-23 22:37:25,91.3000,1,bid,,
48311,2021-01-23 22:37:25,91.3000,1,bid,,
48312,2021-01-23 22:37:25,91.3000,1,bid,,
48313,2021-01-23 22:37:25,91.3000,1,bid,,
48314,2021-01-23 22:37:25,91.3000,1,bid,,
48315,2021-01-23 22:37:25,91.2000,40,ask,,
48316,2021-01-23 22:37:25,91.1000,1,bid,,
48317,2021-01-23 22:37:25,91.1000,40,bid,,
48318,2021-01-23 22:37:25,91.1000,1,bid,,
48319,2021-01-23 22:37:25,91.1000,1,bid,,
48320,2021-01-23 22:37:25,91.1000,1,bid,,
48321,2021-01-23 22:37:25,91.1000,1,bid,,
48322,2021-01-23 22:37:25,91.1000,1,bid,,
48323,2021-01-23 22:37:25,91.1000,1,bid,,
48324,2021-01-23 22:37:25,91.1000,1,bid,,
48325,2021-01-23 22:37:25,91.1000,1,bid,,
48326,2021-01-23 22:37:25,91.1000,1,bid,,
48327,2021-01-23 22:37:25,91.1000,1,bid,,
48328,2021-01-23 22:37:26,91.1000,1,bid,,
48329,2021-01-23 22:37:26,91.1000,1,bid,,
48330,2021-01-23 22:37:26,91.1000,1,bid,,
48331,2021-01-23 22:37:26,91.1000,1,bid,,
48332,2021-01-23 22:37:26,91.1000,1,bid,,
48333,2021-01-23 22:37:26,91.1000,1,bid,,
48334,2021-01-23 22:37:26,91.1000,1,bid,,
48335,2021-01-23 22:37:26,91.1000,1,bid,,
48336,2021-01-23 22:37:26,91.1000,1,bid,,
48337,2021-01-23 22:37:26,91.1000,1,bid,,
48338,2021-01-23 22:37:26,91.1000,1,bid,,
48339,2021-01-23 22:37:26,91.1000,1,bid,,
48340,2021-01-23 22:37:26,91.1000,1,bid,,
48341,2021-01-23 22:37:26,91.1000,1,bid,,
48342,2021-01-23 22:37:26,91.1000,1,bid,,
48343,2021-01-23 22:37:26,91.1000,40,ask,,
48344,2021-01-23 22:37:26,91.1000,20,ask,,
48345,2021-01-23 22:37:26,90.8000,1,bid,,
48346,2021-01-23 22:37:26,91.1000,20,ask,,
48347,2021-01-23 22:37:26,90.8000,60,bid,,
48348,2021-01-23 22:37:26,90.8000,20,bid,,
48349,2021-01-23 22:37:26,90.8000,1,bid,,
48350,2021-01-23 22:37:26,91.1000,40,ask,,
48351,2021-01-23 22:37:27,90.8000,2,bid,,
48352,2021-01-23 22:37:27,90.8000,40,bid,,
48353,2021-01-23 22:37:27,91.2000,20,ask,,
48354,2021-01-23 22:37:27,90.8000,2,bid,,
48355,2021-01-23 22:37:27,90.8000,2,bid,,
48356,2021-01-23 22:37:27,90.8000,20,bid,,
48357,2021-01-23 22:37:27,90.8000,2,bid,,
48358,2021-01-23 22:37:27,90.8000,13,bid,,
48359,2021-01-23 22:37:27,90.8000,27,bid,,
48360,2021-01-23 22:37:27,91.0000,10,ask,,
48361,2021-01-23 22:37:27,91.0000,3,ask,,
48362,2021-01-23 22:37:27,90.8000,3,bid,,
48363,2021-01-23 22:37:28,90.8000,2,bid,,
48364,2021-01-23 22:37:28,90.8000,40,bid,,
48365,2021-01-23 22:37:28,91.2000,161,ask,,
48366,2021-01-23 22:37:28,90.1000,40,ask,,
48367,2021-01-23 22:37:29,90.7000,2,bid,,
48368,2021-01-23 22:37:29,91.0000,8,bid,,
48369,2021-01-23 22:37:29,90.7000,8,bid,,
48370,2021-01-23 22:37:30,90.7000,2,bid,,
48371,2021-01-23 22:37:30,91.3000,5,bid,,
48372,2021-01-23 22:37:30,90.7000,5,bid,,
48373,2021-01-23 22:37:31,90.9000,20,ask,,
48374,2021-01-23 22:37:31,90.7000,20,bid,,
48375,2021-01-23 22:37:31,90.7000,2,bid,,
48376,2021-01-23 22:37:31,90.8000,40,ask,,
48377,2021-01-23 22:37:31,91.3000,5,bid,,
48378,2021-01-23 22:37:31,90.7000,40,bid,,
48379,2021-01-23 22:37:32,90.7000,2,bid,,
48380,2021-01-23 22:37:32,91.3000,5,bid,,
48381,2021-01-23 22:37:33,90.5000,3,bid,,
48382,2021-01-23 22:37:33,91.2000,6,bid,,
48383,2021-01-23 22:37:33,90.5000,6,bid,,
48384,2021-01-23 22:37:34,90.6000,3,bid,,
48385,2021-01-23 22:37:34,91.2000,6,bid,,
48386,2021-01-23 22:37:35,90.6000,6,bid,,
48387,2021-01-23 22:37:35,90.6000,20,bid,,
48388,2021-01-23 22:37:35,91.0000,20,ask,,
48389,2021-01-23 22:37:35,90.6000,3,bid,,
48390,2021-01-23 22:37:35,91.2000,6,bid,,
48391,2021-01-23 22:37:35,90.4000,40,bid,,
48392,2021-01-23 22:37:35,90.6000,40,ask,,
48393,2021-01-23 22:37:36,90.4000,4,bid,,
48394,2021-01-23 22:37:36,91.1000,7,bid,,
48395,2021-01-23 22:37:37,90.4000,7,bid,,
48396,2021-01-23 22:37:37,90.4000,4,bid,,
48397,2021-01-23 22:37:37,90.9000,2,bid,,
48398,2021-01-23 22:37:38,90.4000,4,ask,,
48399,2021-01-23 22:37:38,90.9000,2,bid,,
48400,2021-01-23 22:37:39,90.3000,20,bid,,
48401,2021-01-23 22:37:39,90.7000,20,ask,,
48402,2021-01-23 22:37:39,90.3000,5,bid,,
48403,2021-01-23 22:37:39,90.9000,8,bid,,
48404,2021-01-23 22:37:40,90.3000,40,bid,,
48405,2021-01-23 22:37:40,90.4000,40,ask,,
48406,2021-01-23 22:37:40,90.3000,8,bid,,
48407,2021-01-23 22:37:40,90.4000,5,bid,,
48408,2021-01-23 22:37:40,90.8000,8,bid,,
48409,2021-01-23 22:37:41,90.4000,8,bid,,
48410,2021-01-23 22:37:42,90.4000,5,bid,,
48411,2021-01-23 22:37:42,90.8000,8,bid,,
48412,2021-01-23 22:37:42,90.4000,8,bid,,
48413,2021-01-23 22:37:43,90.4000,5,bid,,
48414,2021-01-23 22:37:43,90.9000,2,bid,,
48415,2021-01-23 22:37:43,90.4000,20,ask,,
48416,2021-01-23 22:37:43,90.3000,20,bid,,
48417,2021-01-23 22:37:44,90.3000,6,bid,,
48418,2021-01-23 22:37:44,90.7000,7,bid,,
48419,2021-01-23 22:37:45,90.5000,5,bid,,
48420,2021-01-23 22:37:45,90.7000,7,bid,,
48421,2021-01-23 22:37:46,90.5000,5,bid,,
48422,2021-01-23 22:37:46,90.6000,8,bid,,
48423,2021-01-23 22:37:46,90.5000,8,bid,,
48424,2021-01-23 22:37:47,90.5000,4,bid,,
48425,2021-01-23 22:37:47,90.7000,7,bid,,
48426,2021-01-23 22:37:48,90.5000,4,bid,,
48427,2021-01-23 22:37:48,90.6000,8,bid,,
48428,2021-01-23 22:37:49,90.6000,8,bid,,
48429,2021-01-23 22:37:50,90.6000,4,bid,,
48430,2021-01-23 22:37:50,90.6000,4,bid,,
48431,2021-01-23 22:37:51,90.8000,3,bid,,
48432,2021-01-23 22:37:52,91.2000,2,bid,,
48433,2021-01-23 22:37:52,90.7000,7,bid,,
48434,2021-01-23 22:37:53,91.2000,2,bid,,
48435,2021-01-23 22:37:53,90.7000,7,bid,,
48436,2021-01-23 22:37:54,91.1000,2,bid,,
48437,2021-01-23 22:37:54,90.7000,7,bid,,
48438,2021-01-23 22:37:55,91.2000,2,bid,,
48439,2021-01-23 22:37:55,90.7000,7,bid,,
48440,2021-01-23 22:37:56,91.2000,2,bid,,
48441,2021-01-23 22:37:56,90.8000,6,bid,,
48442,2021-01-23 22:37:57,91.2000,2,bid,,
48443,2021-01-23 22:37:57,90.8000,6,bid,,
48444,2021-01-23 22:37:58,91.1000,2,bid,,
48445,2021-01-23 22:37:58,90.8000,6,bid,,
48446,2021-01-23 22:37:59,90.8000,2,bid,,
48447,2021-01-23 22:37:59,91.1000,2,ask,,
48448,2021-01-23 22:37:59,90.5000,2,ask,,
48449,2021-01-23 22:37:59,90.8000,6,bid,,
48450,2021-01-23 22:38:00,91.0000,2,bid,,
48451,2021-01-23 22:38:00,90.9000,5,bid,,
48452,2021-01-23 22:38:01,90.8000,3,bid,,
48453,2021-01-23 22:38:02,90.9000,5,bid,,
48454,2021-01-23 22:38:03,90.7000,4,bid,,
48455,2021-01-23 22:38:03,90.9000,5,bid,,
48456,2021-01-23 22:38:03,90.7000,10,ask,,
48457,2021-01-23 22:38:04,90.7000,4,bid,,
48458,2021-01-23 22:38:05,90.8000,3,bid,,
48459,2021-01-23 22:38:05,90.9000,5,bid,,
48460,2021-01-23 22:38:05,90.8000,5,bid,,
48461,2021-01-23 22:38:06,91.0000,3,bid,,
48462,2021-01-23 22:38:06,91.0000,4,bid,,
48463,2021-01-23 22:38:07,91.0000,3,bid,,
48464,2021-01-23 22:38:07,91.0000,4,bid,,
48465,2021-01-23 22:38:08,91.0000,3,bid,,
48466,2021-01-23 22:38:08,90.9000,5,bid,,
48467,2021-01-23 22:38:09,91.1000,2,bid,,
48468,2021-01-23 22:38:09,90.9000,5,bid,,
48469,2021-01-23 22:38:10,91.2000,2,bid,,
48470,2021-01-23 22:38:10,90.9000,5,bid,,
48471,2021-01-23 22:38:11,91.2000,2,bid,,
48472,2021-01-23 22:38:11,90.9000,4,bid,,
48473,2021-01-23 22:38:11,90.8000,40,ask,,
48474,2021-01-23 22:38:11,90.8000,20,ask,,
48475,2021-01-23 22:38:11,91.2000,60,bid,,
48476,2021-01-23 22:38:12,91.2000,1,bid,,
48477,2021-01-23 22:38:12,90.8000,5,bid,,
48478,2021-01-23 22:38:13,91.1000,2,bid,,
48479,2021-01-23 22:38:13,90.8000,5,bid,,
48480,2021-01-23 22:38:14,91.1000,2,bid,,
48481,2021-01-23 22:38:14,90.8000,5,bid,,
48482,2021-01-23 22:38:14,90.8000,25,bid,,
48483,2021-01-23 22:38:14,90.8000,25,ask,,
48484,2021-01-23 22:38:14,90.8000,175,bid,,
48485,2021-01-23 22:38:14,90.8000,175,ask,,
48486,2021-01-23 22:38:15,91.5000,175,bid,,
48487,2021-01-23 22:38:15,91.5000,1,bid,,
48488,2021-01-23 22:38:15,91.1000,1,bid,,
48489,2021-01-23 22:38:16,91.1000,39,bid,,
48490,2021-01-23 22:38:16,91.1000,39,ask,,
48491,2021-01-23 22:38:16,91.3000,1,bid,,
48492,2021-01-23 22:38:18,91.5000,1,bid,,
48493,2021-01-23 22:38:18,91.3000,1,bid,,
48494,2021-01-23 22:38:19,91.5000,1,bid,,
48495,2021-01-23 22:38:19,91.3000,1,bid,,
48496,2021-01-23 22:38:20,91.5000,1,bid,,
48497,2021-01-23 22:38:21,91.4000,1,bid,,
48498,2021-01-23 22:38:21,91.9000,1,bid,,
48499,2021-01-23 22:38:22,91.5000,1,bid,,
48500,2021-01-23 22:38:23,91.5000,1,bid,,
48501,2021-01-23 22:38:24,91.5000,1,bid,,
48502,2021-01-23 22:38:25,91.4000,1,bid,,
48503,2021-01-23 22:38:26,91.4000,1,bid,,
48504,2021-01-23 22:38:27,91.4000,1,bid,,
48505,2021-01-23 22:38:28,91.4000,1,bid,,
48506,2021-01-23 22:38:28,91.3000,40,ask,,
48507,2021-01-23 22:38:29,91.5000,1,bid,,
48508,2021-01-23 22:38:30,91.6000,1,bid,,
48509,2021-01-23 22:38:30,91.5000,1,bid,,
48510,2021-01-23 22:38:31,91.6000,1,bid,,
48511,2021-01-23 22:38:31,91.5000,1,bid,,
48512,2021-01-23 22:38:32,91.6000,1,bid,,
48513,2021-01-23 22:38:32,91.5000,1,bid,,
48514,2021-01-23 22:38:33,91.6000,1,bid,,
48515,2021-01-23 22:38:33,91.5000,1,bid,,
48516,2021-01-23 22:38:34,91.5000,1,bid,,
48517,2021-01-23 22:38:35,91.5000,1,bid,,
48518,2021-01-23 22:38:36,91.5000,1,bid,,
48519,2021-01-23 22:38:37,91.5000,1,bid,,
48520,2021-01-23 22:38:38,91.5000,1,bid,,
48521,2021-01-23 22:38:39,91.5000,1,bid,,
48522,2021-01-23 22:38:40,91.5000,32,bid,,
48523,2021-01-23 22:38:40,91.7000,32,ask,,
48524,2021-01-23 22:38:40,91.6000,20,bid,,
48525,2021-01-23 22:38:40,91.7000,20,ask,,
48526,2021-01-23 22:38:40,91.6000,40,bid,,
48527,2021-01-23 22:38:40,91.7000,40,ask,,
48528,2021-01-23 22:38:40,91.7000,40,ask,,
48529,2021-01-23 22:38:40,92.3000,40,bid,,
48530,2021-01-23 22:38:40,91.7000,20,ask,,
48531,2021-01-23 22:38:40,91.7000,7,ask,,
48532,2021-01-23 22:38:41,91.7000,20,ask,,
48533,2021-01-23 22:38:41,91.7000,200,bid,,
48534,2021-01-23 22:38:41,91.7000,200,ask,,
48535,2021-01-23 22:38:41,91.7000,40,bid,,
48536,2021-01-23 22:38:43,91.7000,16,bid,,
48537,2021-01-23 22:38:43,91.7000,11,bid,,
48538,2021-01-23 22:38:43,91.7000,27,ask,,
48539,2021-01-23 22:38:43,91.7000,7,ask,,
48540,2021-01-23 22:38:43,91.7000,56,ask,,
48541,2021-01-23 22:38:43,91.7000,29,bid,,
48542,2021-01-23 22:38:44,91.7000,7,ask,,
48543,2021-01-23 22:38:45,91.7000,7,ask,,
48544,2021-01-23 22:38:46,91.8000,20,bid,,
48545,2021-01-23 22:38:46,91.8000,40,bid,,
48546,2021-01-23 22:38:46,91.9000,60,ask,,
48547,2021-01-23 22:38:46,91.9000,9,ask,,
48548,2021-01-23 22:38:47,91.9000,9,ask,,
48549,2021-01-23 22:38:48,92.0000,11,ask,,
48550,2021-01-23 22:38:48,92.0000,20,ask,,
48551,2021-01-23 22:38:49,91.7000,7,ask,,
48552,2021-01-23 22:38:50,91.7000,7,ask,,
48553,2021-01-23 22:38:53,91.7000,7,ask,,
48554,2021-01-23 22:38:54,91.7000,6,ask,,
48555,2021-01-23 22:38:56,91.7000,6,ask,,
48556,2021-01-23 22:39:02,91.8000,7,ask,,
48557,2021-01-23 22:39:03,91.8000,7,ask,,
48558,2021-01-23 22:39:04,91.7000,6,ask,,
48559,2021-01-23 22:39:05,91.8000,7,ask,,
48560,2021-01-23 22:39:06,91.8000,7,ask,,
48561,2021-01-23 22:39:08,91.8000,7,ask,,
48562,2021-01-23 22:39:09,91.8000,7,ask,,
48563,2021-01-23 22:39:10,91.8000,7,ask,,
48564,2021-01-23 22:39:11,91.7000,6,ask,,
48565,2021-01-23 22:39:12,92.0000,9,ask,,
48566,2021-01-23 22:39:13,92.0000,9,ask,,
48567,2021-01-23 22:39:14,91.9000,8,ask,,
48568,2021-01-23 22:39:15,91.7000,6,ask,,
48569,2021-01-23 22:39:16,91.7000,6,ask,,
48570,2021-01-23 22:39:17,91.7000,6,ask,,
48571,2021-01-23 22:39:18,92.0000,20,ask,,
48572,2021-01-23 22:39:18,92.0000,20,ask,,
48573,2021-01-23 22:39:18,91.9000,8,ask,,
48574,2021-01-23 22:39:19,91.9000,8,ask,,
48575,2021-01-23 22:39:20,91.9000,8,ask,,
48576,2021-01-23 22:39:20,92.1000,40,ask,,
48577,2021-01-23 22:39:20,92.1000,40,bid,,
48578,2021-01-23 22:39:21,92.1000,9,ask,,
48579,2021-01-23 22:39:22,92.2000,80,ask,,
48580,2021-01-23 22:39:22,92.2000,9,ask,,
48581,2021-01-23 22:39:22,92.2000,40,bid,,
48582,2021-01-23 22:39:22,92.2000,40,bid,,
48583,2021-01-23 22:39:23,92.2000,9,ask,,
48584,2021-01-23 22:39:24,92.1000,8,ask,,
48585,2021-01-23 22:39:25,92.3000,60,ask,,
48586,2021-01-23 22:39:25,92.3000,20,bid,,
48587,2021-01-23 22:39:25,92.3000,40,bid,,
48588,2021-01-23 22:39:25,92.3000,10,ask,,
48589,2021-01-23 22:39:26,92.3000,10,ask,,
48590,2021-01-23 22:39:27,92.1000,7,ask,,
48591,2021-01-23 22:39:28,92.3000,10,ask,,
48592,2021-01-23 22:39:29,92.3000,10,ask,,
48593,2021-01-23 22:39:29,92.3000,20,ask,,
48594,2021-01-23 22:39:29,92.2000,20,ask,,
48595,2021-01-23 22:39:30,92.2000,8,ask,,
48596,2021-01-23 22:39:31,92.3000,10,ask,,
48597,2021-01-23 22:39:32,92.3000,10,ask,,
48598,2021-01-23 22:39:32,92.5000,40,bid,,
48599,2021-01-23 22:39:32,92.6000,40,ask,,
48600,2021-01-23 22:39:32,92.5000,100,bid,,
48601,2021-01-23 22:39:32,92.6000,40,ask,,
48602,2021-01-23 22:39:33,92.5000,50,bid,,
48603,2021-01-23 22:39:33,92.5000,51,bid,,
48604,2021-01-23 22:39:33,92.6000,50,ask,,
48605,2021-01-23 22:39:33,92.6000,70,ask,,
48606,2021-01-23 22:39:33,90.5000,2,ask,,
48607,2021-01-23 22:39:33,93.2000,19,bid,,
48608,2021-01-23 22:39:33,91.7000,50,ask,,
48609,2021-01-23 22:39:33,93.2000,181,bid,,
48610,2021-01-23 22:39:34,92.5000,20,bid,,
48611,2021-01-23 22:39:34,92.5000,40,bid,,
48612,2021-01-23 22:39:34,92.5000,140,bid,,
48613,2021-01-23 22:39:34,92.8000,200,ask,,
48614,2021-01-23 22:39:34,92.5000,26,bid,,
48615,2021-01-23 22:39:34,92.6000,40,bid,,
48616,2021-01-23 22:39:34,92.6000,40,bid,,
48617,2021-01-23 22:39:34,93.5000,106,bid,,
48618,2021-01-23 22:39:35,92.8000,74,ask,,
48619,2021-01-23 22:39:36,92.8000,7,ask,,
48620,2021-01-23 22:39:37,92.8000,7,ask,,
48621,2021-01-23 22:39:37,92.8000,20,ask,,
48622,2021-01-23 22:39:38,92.8000,7,ask,,
48623,2021-01-23 22:39:39,92.5000,5,ask,,
48624,2021-01-23 22:39:40,92.2000,2,ask,,
48625,2021-01-23 22:39:41,92.3000,2,ask,,
48626,2021-01-23 22:39:42,92.3000,3,ask,,
48627,2021-01-23 22:39:43,92.2000,2,ask,,
48628,2021-01-23 22:39:44,92.8000,20,ask,,
48629,2021-01-23 22:39:45,92.1000,1,ask,,
48630,2021-01-23 22:39:45,92.8000,20,bid,,
48631,2021-01-23 22:39:46,92.1000,1,ask,,
48632,2021-01-23 22:39:47,92.3000,3,ask,,
48633,2021-01-23 22:39:47,92.8000,40,bid,,
48634,2021-01-23 22:39:47,92.9000,20,bid,,
48635,2021-01-23 22:39:47,92.9000,40,bid,,
48636,2021-01-23 22:39:47,93.0000,101,ask,,
48637,2021-01-23 22:39:47,92.8000,101,bid,,
48638,2021-01-23 22:39:48,92.1000,200,ask,,
48639,2021-01-23 22:39:48,92.8000,99,ask,,
48640,2021-01-23 22:39:48,92.8000,80,bid,,
48641,2021-01-23 22:39:48,92.8000,19,bid,,
48642,2021-01-23 22:39:48,92.8000,80,ask,,
48643,2021-01-23 22:39:49,92.5000,80,bid,,
48644,2021-01-23 22:39:49,92.8000,40,ask,,
48645,2021-01-23 22:39:49,92.7000,100,ask,,
48646,2021-01-23 22:39:49,92.5000,40,bid,,
48647,2021-01-23 22:39:49,92.5000,80,bid,,
48648,2021-01-23 22:39:49,92.7000,80,ask,,
48649,2021-01-23 22:39:49,91.8000,200,ask,,
48650,2021-01-23 22:39:50,92.7000,40,ask,,
48651,2021-01-23 22:39:50,92.7000,20,ask,,
48652,2021-01-23 22:39:50,92.3000,60,bid,,
48653,2021-01-23 22:39:50,92.3000,100,bid,,
48654,2021-01-23 22:39:50,92.5000,40,ask,,
48655,2021-01-23 22:39:50,91.7000,160,ask,,
48656,2021-01-23 22:39:51,92.4000,2,ask,,
48657,2021-01-23 22:39:51,92.3000,40,bid,,
48658,2021-01-23 22:39:52,92.5000,2,bid,,
48659,2021-01-23 22:39:53,91.8000,1,ask,,
48660,2021-01-23 22:39:54,92.0000,1,ask,,
48661,2021-01-23 22:39:55,92.0000,1,ask,,
48662,2021-01-23 22:39:56,92.1000,1,ask,,
48663,2021-01-23 22:39:57,91.9000,1,ask,,
48664,2021-01-23 22:39:58,91.9000,1,ask,,
48665,2021-01-23 22:40:01,92.4000,31,ask,,
48666,2021-01-23 22:40:01,92.3000,31,bid,,
48667,2021-01-23 22:40:02,92.4000,20,ask,,
48668,2021-01-23 22:40:02,92.3000,20,bid,,
48669,2021-01-23 22:40:18,92.6000,20,bid,,
48670,2021-01-23 22:40:22,92.9000,20,bid,,
48671,2021-01-23 22:40:22,92.9000,20,ask,,
48672,2021-01-23 22:40:22,92.9000,20,ask,,
48673,2021-01-23 22:40:22,92.8000,160,bid,,
48674,2021-01-23 22:40:22,92.8000,41,bid,,
48675,2021-01-23 22:40:22,93.5000,40,bid,,
48676,2021-01-23 22:40:22,92.9000,20,bid,,
48677,2021-01-23 22:40:22,92.9000,160,ask,,
48678,2021-01-23 22:40:23,92.7000,20,bid,,
48679,2021-01-23 22:40:23,93.5000,160,bid,,
48680,2021-01-23 22:40:23,92.9000,200,bid,,
48681,2021-01-23 22:40:23,92.9000,1,bid,,
48682,2021-01-23 22:40:23,93.0000,1,ask,,
48683,2021-01-23 22:40:23,93.0000,199,ask,,
48684,2021-01-23 22:40:24,92.1000,1,ask,,
48685,2021-01-23 22:40:24,93.7000,200,bid,,
48686,2021-01-23 22:40:25,93.5000,22,bid,,
48687,2021-01-23 22:40:27,92.9000,20,ask,,
48688,2021-01-23 22:40:31,93.1000,20,ask,,
48689,2021-01-23 22:40:31,93.1000,20,ask,,
48690,2021-01-23 22:40:32,93.0000,20,bid,,
48691,2021-01-23 22:40:32,93.2000,181,ask,,
48692,2021-01-23 22:40:32,93.2000,20,ask,,
48693,2021-01-23 22:40:34,93.4000,50,bid,,
48694,2021-01-23 22:40:34,93.4000,40,bid,,
48695,2021-01-23 22:40:34,93.5000,90,ask,,
48696,2021-01-23 22:40:35,93.5000,20,ask,,
48697,2021-01-23 22:40:35,93.5000,20,ask,,
48698,2021-01-23 22:40:35,93.4000,20,ask,,
48699,2021-01-23 22:40:35,93.7000,41,bid,,
48700,2021-01-23 22:40:35,93.7000,9,bid,,
48701,2021-01-23 22:40:36,93.7000,31,bid,,
48702,2021-01-23 22:40:36,93.8000,50,ask,,
48703,2021-01-23 22:40:36,93.8000,1,ask,,
48704,2021-01-23 22:40:36,93.8000,41,ask,,
48705,2021-01-23 22:40:36,93.8000,20,ask,,
48706,2021-01-23 22:40:36,93.8000,1,bid,,
48707,2021-01-23 22:40:39,93.8000,20,ask,,
48708,2021-01-23 22:40:39,93.8000,20,ask,,
48709,2021-01-23 22:40:39,93.6000,20,ask,,
48710,2021-01-23 22:40:40,93.7000,20,ask,,
48711,2021-01-23 22:40:43,93.6000,2,ask,,
48712,2021-01-23 22:40:43,93.5000,18,ask,,
48713,2021-01-23 22:40:43,93.5000,18,bid,,
48714,2021-01-23 22:40:47,93.7000,20,ask,,
48715,2021-01-23 22:40:47,93.7000,20,bid,,
48716,2021-01-23 22:40:50,94.0000,80,ask,,
48717,2021-01-23 22:40:50,93.9000,40,bid,,
48718,2021-01-23 22:40:50,93.9000,10,bid,,
48719,2021-01-23 22:40:51,94.0000,40,ask,,
48720,2021-01-23 22:40:51,93.9000,30,bid,,
48721,2021-01-23 22:40:51,94.0000,42,ask,,
48722,2021-01-23 22:40:51,94.0000,2,bid,,
48723,2021-01-23 22:40:51,94.0000,40,bid,,
48724,2021-01-23 22:40:51,93.6000,20,ask,,
48725,2021-01-23 22:40:51,94.0000,20,ask,,
48726,2021-01-23 22:40:55,93.9000,20,ask,,
48727,2021-01-23 22:40:55,93.9000,20,ask,,
48728,2021-01-23 22:40:59,94.0000,60,ask,,
48729,2021-01-23 22:40:59,94.0000,20,bid,,
48730,2021-01-23 22:40:59,94.0000,40,bid,,
48731,2021-01-23 22:41:16,93.9000,20,bid,,
48732,2021-01-23 22:41:32,93.9000,20,bid,,
48733,2021-01-23 22:41:36,93.6000,2,bid,,
48734,2021-01-23 22:41:36,93.6000,40,bid,,
48735,2021-01-23 22:41:36,93.7000,2,ask,,
48736,2021-01-23 22:41:36,93.7000,40,ask,,
48737,2021-01-23 22:41:36,93.6000,40,bid,,
48738,2021-01-23 22:41:40,93.9000,20,ask,,
48739,2021-01-23 22:41:42,94.0000,2,ask,,
48740,2021-01-23 22:41:42,94.0000,2,bid,,
48741,2021-01-23 22:41:57,93.8000,2,bid,,
48742,2021-01-23 22:41:57,93.8000,38,bid,,
48743,2021-01-23 22:41:57,93.8000,2,bid,,
48744,2021-01-23 22:41:57,93.9000,2,ask,,
48745,2021-01-23 22:41:57,93.9000,40,ask,,
48746,2021-01-23 22:41:57,93.9000,60,ask,,
48747,2021-01-23 22:41:57,93.9000,20,bid,,
48748,2021-01-23 22:41:57,93.9000,40,bid,,
48749,2021-01-23 22:42:01,94.1000,40,ask,,
48750,2021-01-23 22:42:12,94.1000,2,ask,,
48751,2021-01-23 22:42:12,94.1000,2,bid,,
48752,2021-01-23 22:42:13,94.1000,20,bid,,
48753,2021-01-23 22:42:13,94.0000,2,ask,,
48754,2021-01-23 22:42:13,93.9000,2,bid,,
